<?xml version="1.0" encoding="UTF-8"?>
<!DOCTYPE html PUBLIC "-//W3C//DTD XHTML 1.0 Transitional//EN"
    "http://www.w3.org/TR/xhtml1/DTD/xhtml1-transitional.dtd">
<html xmlns="http://www.w3.org/1999/xhtml" xml:lang="en" lang="en">
 <head>
  <title>
</title>
<meta http-equiv="Content-Type" content="text/html;charset=utf-8" />
  <meta name='ocr-system' content='tesseract 3.04.00' />
  <meta name='ocr-capabilities' content='ocr_page ocr_carea ocr_par ocr_line ocrx_word'/>
</head>
<body>
  <div class='ocr_page' id='page_1' title='image "./floraorientalis02boisgoog_0723.png"; bbox 0 0 3236 5204; ppageno 0'>
   <div class='ocr_carea' id='block_1_1' title="bbox 682 379 746 448">
    <p class='ocr_par' dir='ltr' id='par_1_1' title="bbox 682 379 746 448">
     <span class='ocr_line' id='line_1_1' title="bbox 682 379 746 448; baseline 0 0"><span class='ocrx_word' id='word_1_1' title='bbox 682 379 746 448; x_wconf 83' lang='lat'>677</span> 
     </span>
    </p>
   </div>
   <div class='ocr_carea' id='block_1_2' title="bbox 113 517 707 608">
    <p class='ocr_par' dir='ltr' id='par_1_2' title="bbox 113 517 707 608">
     <span class='ocr_line' id='line_1_2' title="bbox 113 517 707 608; baseline -0.003 -22"><span class='ocrx_word' id='word_1_2' title='bbox 113 523 150 605; x_wconf 84' lang='grc' dir='ltr'>β.</span> <span class='ocrx_word' id='word_1_3' title='bbox 173 521 405 608; x_wconf 74' lang='lat' dir='ltr'>depauperata.</span> <span class='ocrx_word' id='word_1_4' title='bbox 429 519 521 588; x_wconf 84' lang='lat' dir='ltr'>Remi</span> <span class='ocrx_word' id='word_1_5' title='bbox 541 517 602 585; x_wconf 80' lang='grc'>1-3</span> <span class='ocrx_word' id='word_1_6' title='bbox 621 518 707 586; x_wconf 90' lang='lat' dir='ltr'>llori.</span> 
     </span>
    </p>
   </div>
   <div class='ocr_carea' id='block_1_3' title="bbox 69 621 1353 795">
    <p class='ocr_par' dir='ltr' id='par_1_3' title="bbox 69 621 1353 795">
     <span class='ocr_line' id='line_1_3' title="bbox 93 621 1353 795; baseline 0.001 -110"><span class='ocrx_word' id='word_1_7' title='bbox 93 627 195 730; x_wconf 49' lang='grc' dir='ltr'>ΙΗυξ).</span> <span class='ocrx_word' id='word_1_8' title='bbox 214 627 244 685; x_wconf 91' lang='lat' dir='ltr'>in</span> <span class='ocrx_word' id='word_1_9' title='bbox 255 626 388 795; x_wconf 65' lang='lat' dir='ltr'>pugione</span> <span class='ocrx_word' id='word_1_10' title='bbox 405 627 506 702; x_wconf 79' lang='lat' dir='ltr'>alpina</span> <span class='ocrx_word' id='word_1_11' title='bbox 523 625 631 684; x_wconf 84' lang='lat' dir='ltr'>montis</span> <span class='ocrx_word' id='word_1_12' title='bbox 649 621 779 701; x_wconf 85' lang='lat' dir='ltr'>Akdagb</span> <span class='ocrx_word' id='word_1_13' title='bbox 796 625 899 701; x_wconf 77' lang='lat' dir='ltr'>Lycia</span> <span class='ocrx_word' id='word_1_14' title='bbox 924 624 1048 703; x_wconf 87' lang='lat' dir='ltr'>(Bourg.</span> <span class='ocrx_word' id='word_1_15' title='bbox 1069 643 1131 687; x_wconf 79' lang='lat' dir='ltr'>ers.</span> <span class='ocrx_word' id='word_1_16' title='bbox 1155 627 1209 687; x_wconf 89' lang='lat' dir='ltr'>sub</span> <span class='ocrx_word' id='word_1_17' title='bbox 1227 623 1264 686; x_wconf 90' lang='lat' dir='ltr'>A.</span> <span class='ocrx_word' id='word_1_18' title='bbox 1284 627 1353 704; x_wconf 88' lang='lat' dir='ltr'>pul·</span> 
     </span>
     <span class='ocr_line' id='line_1_4' title="bbox 69 735 279 778; baseline -0.014 0"><span class='ocrx_word' id='word_1_19' title='bbox 69 735 172 778; x_wconf 77' lang='lat' dir='ltr'>esaan</span> <span class='ocrx_word' id='word_1_20' title='bbox 190 735 253 776; x_wconf 86' lang='lat' dir='ltr'>rar.</span> <span class='ocrx_word' id='word_1_21' title='bbox 273 761 279 775; x_wconf 91' lang='lat'>.</span> 
     </span>
    </p>
   </div>
   <div class='ocr_carea' id='block_1_4' title="bbox 68 965 1356 2124">
    <p class='ocr_par' dir='ltr' id='par_1_4' title="bbox 68 965 1356 2124">
     <span class='ocr_line' id='line_1_5' title="bbox 113 965 1354 1062; baseline 0.002 -22"><span class='ocrx_word' id='word_1_22' title='bbox 113 973 163 1040; x_wconf 79' lang='lat' dir='ltr'>A.</span> <span class='ocrx_word' id='word_1_23' title='bbox 188 970 449 1058; x_wconf 79' lang='lat' dir='ltr'>juniperina</span> <span class='ocrx_word' id='word_1_24' title='bbox 473 967 584 1056; x_wconf 80' lang='lat' dir='ltr'>(Fenzl</span> <span class='ocrx_word' id='word_1_25' title='bbox 608 967 709 1035; x_wconf 87' lang='lat' dir='ltr'>Alsin.</span> <span class='ocrx_word' id='word_1_26' title='bbox 740 989 771 1057; x_wconf 89' lang='lat' dir='ltr'>p.</span> <span class='ocrx_word' id='word_1_27' title='bbox 800 965 852 1056; x_wconf 88' lang='lat'>18)</span> <span class='ocrx_word' id='word_1_28' title='bbox 880 969 1039 1057; x_wconf 90' lang='lat' dir='ltr'>cespitosa</span> <span class='ocrx_word' id='word_1_29' title='bbox 1065 973 1243 1040; x_wconf 88' lang='lat' dir='ltr'>caudiculis</span> <span class='ocrx_word' id='word_1_30' title='bbox 1261 994 1354 1062; x_wconf 91' lang='lat' dir='ltr'>pros·</span> 
     </span>
     <span class='ocr_line' id='line_1_6' title="bbox 70 1056 1355 1152; baseline 0.003 -24"><span class='ocrx_word' id='word_1_31' title='bbox 70 1059 164 1128; x_wconf 89' lang='lat' dir='ltr'>tratis</span> <span class='ocrx_word' id='word_1_32' title='bbox 184 1059 348 1126; x_wconf 90' lang='lat' dir='ltr'>interdum</span> <span class='ocrx_word' id='word_1_33' title='bbox 368 1056 526 1124; x_wconf 89' lang='lat' dir='ltr'>induratis</span> <span class='ocrx_word' id='word_1_34' title='bbox 547 1057 587 1123; x_wconf 90' lang='lat' dir='ltr'>ad</span> <span class='ocrx_word' id='word_1_35' title='bbox 606 1056 709 1124; x_wconf 93' lang='lat' dir='ltr'>nodos</span> <span class='ocrx_word' id='word_1_36' title='bbox 729 1056 874 1137; x_wconf 91' lang='lat' dir='ltr'>tumidis,</span> <span class='ocrx_word' id='word_1_37' title='bbox 895 1058 995 1126; x_wconf 86' lang='lat' dir='ltr'>ramis</span> <span class='ocrx_word' id='word_1_38' title='bbox 1015 1058 1133 1128; x_wconf 91' lang='lat' dir='ltr'>strictis</span> <span class='ocrx_word' id='word_1_39' title='bbox 1153 1061 1355 1152; x_wconf 86' lang='lat' dir='ltr'>simplicibus</span> 
     </span>
     <span class='ocr_line' id='line_1_7' title="bbox 69 1145 1355 1302; baseline 0.003 -86"><span class='ocrx_word' id='word_1_40' title='bbox 69 1169 203 1239; x_wconf 89' lang='lat' dir='ltr'>cymose</span> <span class='ocrx_word' id='word_1_41' title='bbox 222 1145 460 1237; x_wconf 84' lang='lat' dir='ltr'>corymbiferis‚</span> <span class='ocrx_word' id='word_1_42' title='bbox 481 1145 647 1302; x_wconf 70' lang='lat' dir='ltr'>ppdicellis</span> <span class='ocrx_word' id='word_1_43' title='bbox 659 1145 904 1213; x_wconf 89' lang='lat' dir='ltr'>subumbellatis</span> <span class='ocrx_word' id='word_1_44' title='bbox 916 1148 1024 1236; x_wconf 79' lang='lat' dir='ltr'>calyce</span> <span class='ocrx_word' id='word_1_45' title='bbox 1036 1149 1251 1236; x_wconf 83' lang='lat' dir='ltr'>longioribus,</span> <span class='ocrx_word' id='word_1_46' title='bbox 1269 1152 1355 1220; x_wconf 88' lang='lat' dir='ltr'>loliis</span> 
     </span>
     <span class='ocr_line' id='line_1_8' title="bbox 69 1233 1353 1326; baseline 0.002 -21"><span class='ocrx_word' id='word_1_47' title='bbox 69 1235 230 1306; x_wconf 90' lang='lat' dir='ltr'>subulatis</span> <span class='ocrx_word' id='word_1_48' title='bbox 249 1234 448 1302; x_wconf 89' lang='lat' dir='ltr'>mucronatis</span> <span class='ocrx_word' id='word_1_49' title='bbox 468 1257 487 1304; x_wconf 91' lang='grc' dir='ltr'>ο</span> <span class='ocrx_word' id='word_1_50' title='bbox 512 1245 582 1301; x_wconf 92' lang='lat' dir='ltr'>tuse</span> <span class='ocrx_word' id='word_1_51' title='bbox 603 1233 756 1302; x_wconf 88' lang='lat' dir='ltr'>carinatis</span> <span class='ocrx_word' id='word_1_52' title='bbox 775 1234 1016 1303; x_wconf 89' lang='lat' dir='ltr'>subuninerviis</span> <span class='ocrx_word' id='word_1_53' title='bbox 1036 1237 1153 1326; x_wconf 81' lang='lat' dir='ltr'>saepius</span> <span class='ocrx_word' id='word_1_54' title='bbox 1173 1239 1287 1326; x_wconf 83' lang='lat' dir='ltr'>rigidis</span> <span class='ocrx_word' id='word_1_55' title='bbox 1300 1260 1353 1308; x_wconf 91' lang='lat' dir='ltr'>re·</span> 
     </span>
     <span class='ocr_line' id='line_1_9' title="bbox 69 1322 1354 1412; baseline 0.002 -19"><span class='ocrx_word' id='word_1_56' title='bbox 69 1325 177 1393; x_wconf 88' lang='lat' dir='ltr'>curvis</span> <span class='ocrx_word' id='word_1_57' title='bbox 198 1324 305 1392; x_wconf 90' lang='lat' dir='ltr'>rarius</span> <span class='ocrx_word' id='word_1_58' title='bbox 325 1323 442 1390; x_wconf 88' lang='lat' dir='ltr'>strictis</span> <span class='ocrx_word' id='word_1_59' title='bbox 462 1322 618 1392; x_wconf 77' lang='lat' dir='ltr'>emortuis</span> <span class='ocrx_word' id='word_1_60' title='bbox 638 1322 906 1410; x_wconf 82' lang='lat' dir='ltr'>persistentibus,</span> <span class='ocrx_word' id='word_1_61' title='bbox 932 1326 1049 1412; x_wconf 76' lang='lat' dir='ltr'>sepelis</span> <span class='ocrx_word' id='word_1_62' title='bbox 1072 1327 1257 1395; x_wconf 90' lang='lat' dir='ltr'>lanceolatis</span> <span class='ocrx_word' id='word_1_63' title='bbox 1277 1350 1354 1397; x_wconf 89' lang='lat' dir='ltr'>acu·</span> 
     </span>
     <span class='ocr_line' id='line_1_10' title="bbox 70 1411 1354 1505; baseline 0.003 -24"><span class='ocrx_word' id='word_1_64' title='bbox 70 1413 202 1482; x_wconf 86' lang='lat' dir='ltr'>minatis</span> <span class='ocrx_word' id='word_1_65' title='bbox 222 1412 370 1482; x_wconf 88' lang='lat' dir='ltr'>clevatim</span> <span class='ocrx_word' id='word_1_66' title='bbox 389 1411 571 1494; x_wconf 89' lang='lat' dir='ltr'>trinerviis,</span> <span class='ocrx_word' id='word_1_67' title='bbox 596 1411 710 1500; x_wconf 89' lang='lat' dir='ltr'>petalis</span> <span class='ocrx_word' id='word_1_68' title='bbox 734 1411 1014 1480; x_wconf 83' lang='lat' dir='ltr'>lineari-cunculis</span> <span class='ocrx_word' id='word_1_69' title='bbox 1039 1415 1145 1505; x_wconf 79' lang='lat' dir='ltr'>calyce</span> <span class='ocrx_word' id='word_1_70' title='bbox 1172 1416 1354 1505; x_wconf 90' lang='lat' dir='ltr'>sesquilon-</span> 
     </span>
     <span class='ocr_line' id='line_1_11' title="bbox 68 1499 1354 1591; baseline 0.004 -22"><span class='ocrx_word' id='word_1_71' title='bbox 68 1503 239 1590; x_wconf 82' lang='lat' dir='ltr'>gioribus,</span> <span class='ocrx_word' id='word_1_72' title='bbox 266 1501 396 1591; x_wconf 71' lang='lat' dir='ltr'>capsula</span> <span class='ocrx_word' id='word_1_73' title='bbox 417 1499 724 1590; x_wconf 77' lang='lat' dir='ltr'>cylindrico-conica</span> <span class='ocrx_word' id='word_1_74' title='bbox 743 1501 851 1590; x_wconf 77' lang='lat' dir='ltr'>calyce</span> <span class='ocrx_word' id='word_1_75' title='bbox 872 1501 1149 1590; x_wconf 84' lang='lat' dir='ltr'>sesquilongiore,</span> <span class='ocrx_word' id='word_1_76' title='bbox 1175 1505 1354 1574; x_wconf 88' lang='lat' dir='ltr'>seminibus</span> 
     </span>
     <span class='ocr_line' id='line_1_12' title="bbox 70 1588 1351 1682; baseline 0.003 -24"><span class='ocrx_word' id='word_1_77' title='bbox 70 1593 130 1660; x_wconf 92' lang='lat' dir='ltr'>sub</span> <span class='ocrx_word' id='word_1_78' title='bbox 149 1594 237 1660; x_wconf 89' lang='lat' dir='ltr'>lente</span> <span class='ocrx_word' id='word_1_79' title='bbox 257 1589 447 1658; x_wconf 80' lang='lat' dir='ltr'>tenuissime</span> <span class='ocrx_word' id='word_1_80' title='bbox 465 1588 845 1676; x_wconf 82' lang='lat' dir='ltr'>rugulusu-tuberculatis</span> <span class='ocrx_word' id='word_1_81' title='bbox 865 1602 911 1666; x_wconf 71' lang='lat' dir='ltr'>tt.</span> <span class='ocrx_word' id='word_1_82' title='bbox 933 1590 1096 1660; x_wconf 78' lang='lat' dir='ltr'>Arenaria</span> <span class='ocrx_word' id='word_1_83' title='bbox 1108 1593 1351 1682; x_wconf 80' lang='lat' dir='ltr'>juniperiaoL.</span> 
     </span>
     <span class='ocr_line' id='line_1_13' title="bbox 70 1676 1350 1768; baseline 0.003 -20"><span class='ocrx_word' id='word_1_84' title='bbox 70 1682 168 1748; x_wconf 86' lang='lat' dir='ltr'>blant.</span> <span class='ocrx_word' id='word_1_85' title='bbox 194 1681 287 1747; x_wconf 91' lang='lat' dir='ltr'>lnee</span> <span class='ocrx_word' id='word_1_86' title='bbox 306 1678 389 1768; x_wconf 90' lang='lat' dir='ltr'>Syst.</span> <span class='ocrx_word' id='word_1_87' title='bbox 413 1679 501 1768; x_wconf 84' lang='lat' dir='ltr'>(quae</span> <span class='ocrx_word' id='word_1_88' title='bbox 520 1687 569 1746; x_wconf 88' lang='lat' dir='ltr'>est</span> <span class='ocrx_word' id='word_1_89' title='bbox 587 1678 629 1745; x_wconf 91' lang='lat' dir='ltr'>A.</span> <span class='ocrx_word' id='word_1_90' title='bbox 650 1677 775 1768; x_wconf 77' lang='lat' dir='ltr'>verrio).</span> <span class='ocrx_word' id='word_1_91' title='bbox 798 1719 842 1726; x_wconf 98' lang='lat'><strong>—</strong></span> <span class='ocrx_word' id='word_1_92' title='bbox 860 1676 961 1745; x_wconf 83' lang='lat' dir='ltr'>Smith</span> <span class='ocrx_word' id='word_1_93' title='bbox 984 1679 1071 1746; x_wconf 89' lang='lat' dir='ltr'>loon.</span> <span class='ocrx_word' id='word_1_94' title='bbox 1094 1681 1184 1750; x_wconf 92' lang='lat' dir='ltr'>lned.</span> <span class='ocrx_word' id='word_1_95' title='bbox 1207 1682 1273 1750; x_wconf 81' lang='lat' dir='ltr'>tab.</span> <span class='ocrx_word' id='word_1_96' title='bbox 1296 1681 1350 1752; x_wconf 80' lang='lat'>35.</span> 
     </span>
     <span class='ocr_line' id='line_1_14' title="bbox 70 1765 1356 1857; baseline 0.003 -21"><span class='ocrx_word' id='word_1_97' title='bbox 70 1810 111 1820; x_wconf 88' lang='grc'>-</span> <span class='ocrx_word' id='word_1_98' title='bbox 132 1771 233 1836; x_wconf 85' lang='lat' dir='ltr'>Aren.</span> <span class='ocrx_word' id='word_1_99' title='bbox 255 1768 375 1835; x_wconf 80' lang='lat' dir='ltr'>reodoso</span> <span class='ocrx_word' id='word_1_100' title='bbox 399 1767 482 1857; x_wconf 90' lang='lat' dir='ltr'>Bory</span> <span class='ocrx_word' id='word_1_101' title='bbox 513 1777 542 1834; x_wconf 88' lang='lat' dir='ltr'>et</span> <span class='ocrx_word' id='word_1_102' title='bbox 569 1765 692 1834; x_wconf 86' lang='lat' dir='ltr'>Chaub.</span> <span class='ocrx_word' id='word_1_103' title='bbox 722 1766 769 1833; x_wconf 83' lang='lat' dir='ltr'>Fl.</span> <span class='ocrx_word' id='word_1_104' title='bbox 793 1767 900 1855; x_wconf 85' lang='lat' dir='ltr'>Pe&#39;lop.</span> <span class='ocrx_word' id='word_1_105' title='bbox 923 1788 955 1856; x_wconf 95' lang='lat' dir='ltr'>p.</span> <span class='ocrx_word' id='word_1_106' title='bbox 979 1766 1039 1851; x_wconf 67' lang='lat'>28,</span> <span class='ocrx_word' id='word_1_107' title='bbox 1066 1769 1130 1838; x_wconf 90' lang='lat' dir='ltr'>tab.</span> <span class='ocrx_word' id='word_1_108' title='bbox 1158 1767 1212 1838; x_wconf 92' lang='lat' dir='ltr'>l5.</span> <span class='ocrx_word' id='word_1_109' title='bbox 1238 1769 1356 1840; x_wconf 87' lang='lat' dir='ltr'>Glabra</span> 
     </span>
     <span class='ocr_line' id='line_1_15' title="bbox 70 1854 1355 1948; baseline 0.003 -24"><span class='ocrx_word' id='word_1_110' title='bbox 70 1857 177 1926; x_wconf 86' lang='lat' dir='ltr'>rarius</span> <span class='ocrx_word' id='word_1_111' title='bbox 198 1857 597 1944; x_wconf 85' lang='lat' dir='ltr'>glandulosopubescens,</span> <span class='ocrx_word' id='word_1_112' title='bbox 618 1854 822 1944; x_wconf 89' lang='lat' dir='ltr'>semipedalis</span> <span class='ocrx_word' id='word_1_113' title='bbox 842 1858 889 1922; x_wconf 89' lang='lat' dir='ltr'>vel</span> <span class='ocrx_word' id='word_1_114' title='bbox 910 1856 1078 1944; x_wconf 89' lang='lat' dir='ltr'>procerior</span> <span class='ocrx_word' id='word_1_115' title='bbox 1089 1858 1227 1948; x_wconf 89' lang='lat' dir='ltr'>cespites</span> <span class='ocrx_word' id='word_1_116' title='bbox 1238 1861 1355 1929; x_wconf 90' lang='lat' dir='ltr'>densos</span> 
     </span>
     <span class='ocr_line' id='line_1_16' title="bbox 69 1943 1354 2038; baseline 0.003 -24"><span class='ocrx_word' id='word_1_117' title='bbox 69 1967 154 2036; x_wconf 69' lang='lat' dir='ltr'>saepe</span> <span class='ocrx_word' id='word_1_118' title='bbox 174 1947 335 2014; x_wconf 86' lang='lat' dir='ltr'>diametro</span> <span class='ocrx_word' id='word_1_119' title='bbox 354 1945 484 2034; x_wconf 88' lang='lat' dir='ltr'>pedales</span> <span class='ocrx_word' id='word_1_120' title='bbox 496 1944 652 2026; x_wconf 89' lang='lat' dir='ltr'>lormans,</span> <span class='ocrx_word' id='word_1_121' title='bbox 666 1944 744 2011; x_wconf 90' lang='lat' dir='ltr'>nodi</span> <span class='ocrx_word' id='word_1_122' title='bbox 757 1944 852 2011; x_wconf 85' lang='lat' dir='ltr'>inter.</span> <span class='ocrx_word' id='word_1_123' title='bbox 868 1943 1086 2014; x_wconf 84' lang='lat' dir='ltr'>fasciculileri.</span> <span class='ocrx_word' id='word_1_124' title='bbox 1110 1947 1240 2038; x_wconf 89' lang='lat' dir='ltr'>Species</span> <span class='ocrx_word' id='word_1_125' title='bbox 1251 1949 1354 2018; x_wconf 83' lang='lat' dir='ltr'>varia·</span> 
     </span>
     <span class='ocr_line' id='line_1_17' title="bbox 73 2032 888 2124; baseline -0.004 -22"><span class='ocrx_word' id='word_1_126' title='bbox 73 2036 144 2103; x_wconf 91' lang='lat' dir='ltr'>bilis</span> <span class='ocrx_word' id='word_1_127' title='bbox 164 2034 259 2124; x_wconf 86' lang='lat' dir='ltr'>cujus</span> <span class='ocrx_word' id='word_1_128' title='bbox 278 2035 399 2102; x_wconf 82' lang='lat' dir='ltr'>formas</span> <span class='ocrx_word' id='word_1_129' title='bbox 419 2032 521 2120; x_wconf 83' lang='lat' dir='ltr'>magis</span> <span class='ocrx_word' id='word_1_130' title='bbox 541 2032 699 2100; x_wconf 87' lang='lat' dir='ltr'>notabiles</span> <span class='ocrx_word' id='word_1_131' title='bbox 719 2053 888 2100; x_wconf 91' lang='lat' dir='ltr'>enumero.</span> 
     </span>
    </p>
   </div>
   <div class='ocr_carea' id='block_1_5' title="bbox 71 2147 1356 2960">
    <p class='ocr_par' dir='ltr' id='par_1_5' title="bbox 71 2147 1356 2310">
     <span class='ocr_line' id='line_1_18' title="bbox 109 2147 1356 2308; baseline 0 -89"><span class='ocrx_word' id='word_1_132' title='bbox 109 2185 150 2308; x_wconf 58' lang='lat' dir='ltr'>lp.</span> <span class='ocrx_word' id='word_1_133' title='bbox 174 2151 333 2240; x_wconf 78' lang='lat' dir='ltr'>lepitimo.</span> <span class='ocrx_word' id='word_1_134' title='bbox 366 2147 484 2217; x_wconf 88' lang='lat' dir='ltr'>Glabra</span> <span class='ocrx_word' id='word_1_135' title='bbox 506 2149 555 2215; x_wconf 88' lang='lat' dir='ltr'>vel</span> <span class='ocrx_word' id='word_1_136' title='bbox 580 2148 758 2237; x_wconf 91' lang='lat' dir='ltr'>puberula,</span> <span class='ocrx_word' id='word_1_137' title='bbox 788 2147 947 2215; x_wconf 86' lang='lat' dir='ltr'>caudiculi</span> <span class='ocrx_word' id='word_1_138' title='bbox 968 2148 1130 2234; x_wconf 86' lang='lat' dir='ltr'>indurati,</span> <span class='ocrx_word' id='word_1_139' title='bbox 1156 2149 1231 2218; x_wconf 86' lang='lat' dir='ltr'>lolia</span> <span class='ocrx_word' id='word_1_140' title='bbox 1251 2151 1356 2238; x_wconf 81' lang='lat' dir='ltr'>rigida</span> 
     </span>
     <span class='ocr_line' id='line_1_19' title="bbox 71 2260 278 2310; baseline -0.01 -4"><span class='ocrx_word' id='word_1_141' title='bbox 71 2261 105 2307; x_wconf 90' lang='lat' dir='ltr'>su</span> <span class='ocrx_word' id='word_1_142' title='bbox 132 2260 278 2310; x_wconf 72' lang='lat' dir='ltr'>aCOPOSa.</span> 
     </span>
    </p>

    <p class='ocr_par' dir='ltr' id='par_1_6' title="bbox 71 2342 1355 2960">
     <span class='ocr_line' id='line_1_20' title="bbox 114 2342 1355 2421; baseline -0.002 -15"><span class='ocrx_word' id='word_1_143' title='bbox 114 2348 193 2406; x_wconf 89' lang='lat' dir='ltr'>Hab.</span> <span class='ocrx_word' id='word_1_144' title='bbox 213 2347 244 2405; x_wconf 94' lang='lat' dir='ltr'>in</span> <span class='ocrx_word' id='word_1_145' title='bbox 261 2343 446 2419; x_wconf 87' lang='lat' dir='ltr'>rupestribus</span> <span class='ocrx_word' id='word_1_146' title='bbox 464 2343 553 2403; x_wconf 89' lang='lat' dir='ltr'>siccis</span> <span class='ocrx_word' id='word_1_147' title='bbox 570 2343 701 2419; x_wconf 84' lang='lat' dir='ltr'>regionis</span> <span class='ocrx_word' id='word_1_148' title='bbox 719 2343 844 2418; x_wconf 82' lang='lat' dir='ltr'>alpinae,</span> <span class='ocrx_word' id='word_1_149' title='bbox 864 2342 987 2404; x_wconf 75' lang='lat' dir='ltr'>Graeciae</span> <span class='ocrx_word' id='word_1_150' title='bbox 1012 2344 1041 2403; x_wconf 92' lang='lat' dir='ltr'>in</span> <span class='ocrx_word' id='word_1_151' title='bbox 1067 2346 1213 2404; x_wconf 82' lang='lat' dir='ltr'>montibus</span> <span class='ocrx_word' id='word_1_152' title='bbox 1232 2343 1355 2421; x_wconf 76' lang='lat' dir='ltr'>Cyllene</span> 
     </span>
     <span class='ocr_line' id='line_1_21' title="bbox 74 2429 1355 2520; baseline -0.002 -24"><span class='ocrx_word' id='word_1_153' title='bbox 74 2434 207 2516; x_wconf 84' lang='lat' dir='ltr'>(Heldrl</span> <span class='ocrx_word' id='word_1_154' title='bbox 227 2431 327 2510; x_wconf 89' lang='lat' dir='ltr'>Orpb!</span> <span class='ocrx_word' id='word_1_155' title='bbox 349 2432 395 2492; x_wconf 80' lang='lat' dir='ltr'>lu.</span> <span class='ocrx_word' id='word_1_156' title='bbox 414 2432 466 2492; x_wconf 84' lang='lat' dir='ltr'>Gr.</span> <span class='ocrx_word' id='word_1_157' title='bbox 485 2450 546 2492; x_wconf 78' lang='lat' dir='ltr'>ens.</span> <span class='ocrx_word' id='word_1_158' title='bbox 564 2429 644 2511; x_wconf 78' lang='lat'>251)</span> <span class='ocrx_word' id='word_1_159' title='bbox 666 2437 695 2491; x_wconf 86' lang='lat' dir='ltr'>et</span> <span class='ocrx_word' id='word_1_160' title='bbox 718 2431 856 2508; x_wconf 82' lang='lat' dir='ltr'>Taygeto</span> <span class='ocrx_word' id='word_1_161' title='bbox 886 2433 999 2511; x_wconf 89' lang='lat' dir='ltr'>(Boryt</span> <span class='ocrx_word' id='word_1_162' title='bbox 1029 2429 1179 2520; x_wconf 88' lang='lat' dir='ltr'>Heldri),</span> <span class='ocrx_word' id='word_1_163' title='bbox 1209 2434 1355 2495; x_wconf 79' lang='lat' dir='ltr'>Anatoliae</span> 
     </span>
     <span class='ocr_line' id='line_1_22' title="bbox 73 2511 1354 2606; baseline -0.002 -19"><span class='ocrx_word' id='word_1_164' title='bbox 73 2529 162 2587; x_wconf 87' lang='lat' dir='ltr'>totius</span> <span class='ocrx_word' id='word_1_165' title='bbox 180 2527 211 2584; x_wconf 91' lang='lat' dir='ltr'>in</span> <span class='ocrx_word' id='word_1_166' title='bbox 227 2524 357 2600; x_wconf 87' lang='lat' dir='ltr'>Olympo</span> <span class='ocrx_word' id='word_1_167' title='bbox 371 2514 513 2606; x_wconf 77' lang='lat' dir='ltr'>(Olenii),</span> <span class='ocrx_word' id='word_1_168' title='bbox 531 2521 636 2599; x_wconf 80' lang='lat' dir='ltr'>Sipylo</span> <span class='ocrx_word' id='word_1_169' title='bbox 650 2529 680 2582; x_wconf 85' lang='lat' dir='ltr'>et</span> <span class='ocrx_word' id='word_1_170' title='bbox 691 2521 808 2599; x_wconf 83' lang='lat' dir='ltr'>Mesogi</span> <span class='ocrx_word' id='word_1_171' title='bbox 830 2511 967 2604; x_wconf 81' lang='lat' dir='ltr'>(Boissl),</span> <span class='ocrx_word' id='word_1_172' title='bbox 979 2521 1075 2598; x_wconf 71' lang='lat' dir='ltr'>Lycia</span> <span class='ocrx_word' id='word_1_173' title='bbox 1086 2521 1236 2605; x_wconf 70' lang='lat' dir='ltr'>(Bourgt)¹</span> <span class='ocrx_word' id='word_1_174' title='bbox 1255 2531 1354 2584; x_wconf 88' lang='lat' dir='ltr'>monte</span> 
     </span>
     <span class='ocr_line' id='line_1_23' title="bbox 75 2608 1351 2693; baseline -0.002 -17"><span class='ocrx_word' id='word_1_175' title='bbox 75 2617 193 2677; x_wconf 86' lang='lat' dir='ltr'>Darros</span> <span class='ocrx_word' id='word_1_176' title='bbox 219 2615 339 2674; x_wconf 78' lang='lat' dir='ltr'>Pisidiae</span> <span class='ocrx_word' id='word_1_177' title='bbox 366 2608 540 2692; x_wconf 75' lang='lat' dir='ltr'>(Helori),</span> <span class='ocrx_word' id='word_1_178' title='bbox 570 2613 678 2687; x_wconf 82' lang='lat' dir='ltr'>Argaeo</span> <span class='ocrx_word' id='word_1_179' title='bbox 707 2611 906 2687; x_wconf 75' lang='lat' dir='ltr'>Cappadociae</span> <span class='ocrx_word' id='word_1_180' title='bbox 935 2620 965 2673; x_wconf 85' lang='lat' dir='ltr'>et</span> <span class='ocrx_word' id='word_1_181' title='bbox 991 2613 1092 2673; x_wconf 80' lang='lat' dir='ltr'>Tauro</span> <span class='ocrx_word' id='word_1_182' title='bbox 1116 2613 1238 2676; x_wconf 78' lang='lat' dir='ltr'>(lilicico</span> <span class='ocrx_word' id='word_1_183' title='bbox 1266 2614 1351 2693; x_wconf 83' lang='lat' dir='ltr'>(Kyt</span> 
     </span>
     <span class='ocr_line' id='line_1_24' title="bbox 72 2698 1354 2784; baseline -0.001 -18"><span class='ocrx_word' id='word_1_184' title='bbox 72 2705 170 2784; x_wconf 78' lang='lat' dir='ltr'>salt),</span> <span class='ocrx_word' id='word_1_185' title='bbox 190 2705 341 2767; x_wconf 75' lang='lat' dir='ltr'>cataonia</span> <span class='ocrx_word' id='word_1_186' title='bbox 357 2709 456 2763; x_wconf 88' lang='lat' dir='ltr'>monte</span> <span class='ocrx_word' id='word_1_187' title='bbox 474 2702 648 2779; x_wconf 83' lang='lat' dir='ltr'>Borytdagb</span> <span class='ocrx_word' id='word_1_188' title='bbox 666 2703 717 2762; x_wconf 88' lang='lat' dir='ltr'>alt.</span> <span class='ocrx_word' id='word_1_189' title='bbox 735 2698 843 2765; x_wconf 78' lang='lat'>8000’</span> <span class='ocrx_word' id='word_1_190' title='bbox 863 2700 1047 2780; x_wconf 83' lang='lat' dir='ltr'>(Hansskl),</span> <span class='ocrx_word' id='word_1_191' title='bbox 1066 2705 1210 2766; x_wconf 69' lang='lat' dir='ltr'>Armenia</span> <span class='ocrx_word' id='word_1_192' title='bbox 1224 2705 1354 2770; x_wconf 69' lang='lat' dir='ltr'>&#39;I&#39;urcicfi</span> 
     </span>
     <span class='ocr_line' id='line_1_25' title="bbox 71 2786 1352 2880; baseline -0.001 -25"><span class='ocrx_word' id='word_1_193' title='bbox 71 2797 206 2869; x_wconf 82' lang='lat' dir='ltr'>(Tournt</span> <span class='ocrx_word' id='word_1_194' title='bbox 225 2787 363 2876; x_wconf 84' lang='lat' dir='ltr'>Bourg!)</span> <span class='ocrx_word' id='word_1_195' title='bbox 388 2799 417 2852; x_wconf 85' lang='lat' dir='ltr'>et</span> <span class='ocrx_word' id='word_1_196' title='bbox 437 2793 564 2854; x_wconf 78' lang='lat' dir='ltr'>Rossiesi</span> <span class='ocrx_word' id='word_1_197' title='bbox 578 2791 676 2871; x_wconf 85' lang='lat' dir='ltr'>(Saow</span> <span class='ocrx_word' id='word_1_198' title='bbox 689 2790 732 2872; x_wconf 85' lang='lat' dir='ltr'>l),</span> <span class='ocrx_word' id='word_1_199' title='bbox 757 2792 873 2853; x_wconf 84' lang='lat' dir='ltr'>Libano</span> <span class='ocrx_word' id='word_1_200' title='bbox 893 2801 922 2853; x_wconf 89' lang='lat' dir='ltr'>et</span> <span class='ocrx_word' id='word_1_201' title='bbox 939 2794 1112 2856; x_wconf 84' lang='lat' dir='ltr'>Antilibano</span> <span class='ocrx_word' id='word_1_202' title='bbox 1130 2787 1248 2880; x_wconf 89' lang='lat' dir='ltr'>(Boisst</span> <span class='ocrx_word' id='word_1_203' title='bbox 1269 2786 1352 2875; x_wconf 77' lang='grc' dir='ltr'>ΒΗ),</span> 
     </span>
     <span class='ocr_line' id='line_1_26' title="bbox 73 2879 1000 2960; baseline -0.002 -16"><span class='ocrx_word' id='word_1_204' title='bbox 73 2886 224 2947; x_wconf 69' lang='lat' dir='ltr'>Palestina</span> <span class='ocrx_word' id='word_1_205' title='bbox 242 2885 272 2944; x_wconf 92' lang='lat' dir='ltr'>in</span> <span class='ocrx_word' id='word_1_206' title='bbox 290 2883 438 2944; x_wconf 89' lang='lat' dir='ltr'>montibus</span> <span class='ocrx_word' id='word_1_207' title='bbox 456 2881 607 2942; x_wconf 82' lang='lat' dir='ltr'>Nazareth</span> <span class='ocrx_word' id='word_1_208' title='bbox 627 2879 674 2959; x_wconf 89' lang='lat' dir='ltr'>(Bl</span> <span class='ocrx_word' id='word_1_209' title='bbox 686 2883 717 2960; x_wconf 90' lang='lat' dir='ltr'>l).</span> <span class='ocrx_word' id='word_1_210' title='bbox 736 2883 780 2942; x_wconf 92' lang='lat' dir='ltr'>Pl.</span> <span class='ocrx_word' id='word_1_211' title='bbox 800 2884 921 2943; x_wconf 89' lang='lat' dir='ltr'>ineunte</span> <span class='ocrx_word' id='word_1_212' title='bbox 937 2890 1000 2943; x_wconf 77' lang='lat' dir='ltr'>ast.</span> 
     </span>
    </p>
   </div>
   <div class='ocr_carea' id='block_1_6' title="bbox 72 2997 1353 3178">
    <p class='ocr_par' dir='ltr' id='par_1_7' title="bbox 72 2997 1353 3178">
     <span class='ocr_line' id='line_1_27' title="bbox 114 2997 1353 3151; baseline 0.002 -85"><span class='ocrx_word' id='word_1_213' title='bbox 114 3003 153 3086; x_wconf 64' lang='lat' dir='ltr'>A.</span> <span class='ocrx_word' id='word_1_214' title='bbox 171 2999 379 3088; x_wconf 75' lang='lat' dir='ltr'>ptoadrrtoso.</span> <span class='ocrx_word' id='word_1_215' title='bbox 406 2997 521 3096; x_wconf 82' lang='lat' dir='ltr'>Omnia</span> <span class='ocrx_word' id='word_1_216' title='bbox 545 3017 612 3064; x_wconf 85' lang='lat' dir='ltr'>var.</span> <span class='ocrx_word' id='word_1_217' title='bbox 639 2997 851 3151; x_wconf 71' lang='lat' dir='ltr'>praecedentis</span> <span class='ocrx_word' id='word_1_218' title='bbox 876 2999 932 3066; x_wconf 90' lang='lat' dir='ltr'>sed</span> <span class='ocrx_word' id='word_1_219' title='bbox 958 2999 1198 3068; x_wconf 86' lang='lat' dir='ltr'>inflorescentia</span> <span class='ocrx_word' id='word_1_220' title='bbox 1216 3001 1353 3088; x_wconf 82' lang='lat' dir='ltr'>glandu-</span> 
     </span>
     <span class='ocr_line' id='line_1_28' title="bbox 72 3085 1183 3178; baseline -0.003 -21"><span class='ocrx_word' id='word_1_221' title='bbox 72 3091 149 3158; x_wconf 88' lang='lat' dir='ltr'>losa.</span> <span class='ocrx_word' id='word_1_222' title='bbox 171 3091 213 3156; x_wconf 92' lang='lat' dir='ltr'>A.</span> <span class='ocrx_word' id='word_1_223' title='bbox 235 3088 430 3177; x_wconf 77' lang='lat' dir='ltr'>ptorrdulosc</span> <span class='ocrx_word' id='word_1_224' title='bbox 448 3085 549 3154; x_wconf 83' lang='lat' dir='ltr'>Rorss.</span> <span class='ocrx_word' id='word_1_225' title='bbox 574 3095 605 3152; x_wconf 88' lang='lat' dir='ltr'>et</span> <span class='ocrx_word' id='word_1_226' title='bbox 625 3085 637 3151; x_wconf 92' lang='lat' dir='ltr'>l</span> <span class='ocrx_word' id='word_1_227' title='bbox 654 3095 708 3154; x_wconf 91' lang='lat' dir='ltr'>uet</span> <span class='ocrx_word' id='word_1_228' title='bbox 727 3085 840 3174; x_wconf 85' lang='lat' dir='ltr'>Diagn.</span> <span class='ocrx_word' id='word_1_229' title='bbox 862 3086 931 3155; x_wconf 91' lang='lat' dir='ltr'>Ser.</span> <span class='ocrx_word' id='word_1_230' title='bbox 953 3088 994 3172; x_wconf 87' lang='lat' dir='ltr'>ll,</span> <span class='ocrx_word' id='word_1_231' title='bbox 1015 3089 1054 3172; x_wconf 87' lang='lat' dir='ltr'>V,</span> <span class='ocrx_word' id='word_1_232' title='bbox 1074 3111 1107 3178; x_wconf 92' lang='lat' dir='ltr'>p.</span> <span class='ocrx_word' id='word_1_233' title='bbox 1129 3087 1183 3155; x_wconf 82' lang='grc'>61.</span> 
     </span>
    </p>
   </div>
   <div class='ocr_carea' id='block_1_7' title="bbox 115 3193 857 3272">
    <p class='ocr_par' dir='ltr' id='par_1_8' title="bbox 115 3193 857 3272">
     <span class='ocr_line' id='line_1_29' title="bbox 115 3193 857 3272; baseline -0.005 -13"><span class='ocrx_word' id='word_1_234' title='bbox 115 3199 193 3259; x_wconf 87' lang='lat' dir='ltr'>Hab.</span> <span class='ocrx_word' id='word_1_235' title='bbox 213 3199 244 3256; x_wconf 91' lang='lat' dir='ltr'>in</span> <span class='ocrx_word' id='word_1_236' title='bbox 261 3203 359 3256; x_wconf 91' lang='lat' dir='ltr'>monte</span> <span class='ocrx_word' id='word_1_237' title='bbox 376 3194 543 3271; x_wconf 81' lang='lat' dir='ltr'>Tecbdagh</span> <span class='ocrx_word' id='word_1_238' title='bbox 561 3193 709 3254; x_wconf 78' lang='lat' dir='ltr'>Armenia</span> <span class='ocrx_word' id='word_1_239' title='bbox 729 3193 857 3272; x_wconf 84' lang='lat' dir='ltr'>(Huett).</span> 
     </span>
    </p>
   </div>
   <div class='ocr_carea' id='block_1_8' title="bbox 74 3299 1352 3481">
    <p class='ocr_par' dir='ltr' id='par_1_9' title="bbox 74 3299 1352 3481">
     <span class='ocr_line' id='line_1_30' title="bbox 115 3299 1352 3398; baseline -0.001 -28"><span class='ocrx_word' id='word_1_240' title='bbox 115 3337 146 3398; x_wconf 76' lang='lat' dir='ltr'>y.</span> <span class='ocrx_word' id='word_1_241' title='bbox 168 3303 386 3392; x_wconf 78' lang='lat' dir='ltr'>prandistoro.</span> <span class='ocrx_word' id='word_1_242' title='bbox 410 3300 526 3388; x_wconf 81' lang='lat' dir='ltr'>(Boiss.</span> <span class='ocrx_word' id='word_1_243' title='bbox 549 3299 662 3387; x_wconf 82' lang='lat' dir='ltr'>Diagn.</span> <span class='ocrx_word' id='word_1_244' title='bbox 684 3299 753 3368; x_wconf 91' lang='lat' dir='ltr'>Ser.</span> <span class='ocrx_word' id='word_1_245' title='bbox 772 3301 811 3384; x_wconf 87' lang='lat'>11,</span> <span class='ocrx_word' id='word_1_246' title='bbox 825 3301 864 3385; x_wconf 86' lang='lat' dir='ltr'>V,</span> <span class='ocrx_word' id='word_1_247' title='bbox 878 3322 909 3390; x_wconf 92' lang='lat' dir='ltr'>p.</span> <span class='ocrx_word' id='word_1_248' title='bbox 925 3300 998 3390; x_wconf 84' lang='grc'>61.)</span> <span class='ocrx_word' id='word_1_249' title='bbox 1020 3301 1127 3369; x_wconf 87' lang='lat' dir='ltr'>Herba</span> <span class='ocrx_word' id='word_1_250' title='bbox 1146 3321 1213 3368; x_wconf 87' lang='lat' dir='ltr'>var.</span> <span class='ocrx_word' id='word_1_251' title='bbox 1237 3333 1269 3370; x_wconf 80' lang='lat' dir='ltr'>a.</span> <span class='ocrx_word' id='word_1_252' title='bbox 1294 3301 1352 3370; x_wconf 91' lang='lat' dir='ltr'>Pe-</span> 
     </span>
     <span class='ocr_line' id='line_1_31' title="bbox 74 3388 704 3481; baseline -0.006 -21"><span class='ocrx_word' id='word_1_253' title='bbox 74 3394 134 3460; x_wconf 90' lang='lat' dir='ltr'>tala</span> <span class='ocrx_word' id='word_1_254' title='bbox 153 3391 280 3481; x_wconf 90' lang='lat' dir='ltr'>majora</span> <span class='ocrx_word' id='word_1_255' title='bbox 298 3392 405 3480; x_wconf 91' lang='lat' dir='ltr'>calyce</span> <span class='ocrx_word' id='word_1_256' title='bbox 425 3389 523 3478; x_wconf 91' lang='lat' dir='ltr'>duplo</span> <span class='ocrx_word' id='word_1_257' title='bbox 544 3388 704 3477; x_wconf 87' lang='lat' dir='ltr'>longiora.</span> 
     </span>
    </p>
   </div>
   <div class='ocr_carea' id='block_1_9' title="bbox 116 3485 861 3580">
    <p class='ocr_par' dir='ltr' id='par_1_10' title="bbox 116 3485 861 3580">
     <span class='ocr_line' id='line_1_32' title="bbox 116 3485 861 3580; baseline -0.004 -20"><span class='ocrx_word' id='word_1_258' title='bbox 116 3501 192 3563; x_wconf 87' lang='lat' dir='ltr'>Hab.</span> <span class='ocrx_word' id='word_1_259' title='bbox 210 3502 239 3559; x_wconf 94' lang='lat' dir='ltr'>in</span> <span class='ocrx_word' id='word_1_260' title='bbox 258 3503 356 3560; x_wconf 87' lang='lat' dir='ltr'>monte</span> <span class='ocrx_word' id='word_1_261' title='bbox 373 3498 539 3573; x_wconf 83' lang='lat' dir='ltr'>Teebdagh</span> <span class='ocrx_word' id='word_1_262' title='bbox 557 3497 705 3558; x_wconf 71' lang='lat' dir='ltr'>Armenias</span> <span class='ocrx_word' id='word_1_263' title='bbox 724 3485 861 3580; x_wconf 86' lang='lat' dir='ltr'>(Huetl).</span> 
     </span>
    </p>
   </div>
   <div class='ocr_carea' id='block_1_10' title="bbox 74 3605 1354 3970">
    <p class='ocr_par' dir='ltr' id='par_1_11' title="bbox 75 3605 1353 3787">
     <span class='ocr_line' id='line_1_33' title="bbox 116 3605 1353 3695; baseline -0.006 -14"><span class='ocrx_word' id='word_1_264' title='bbox 116 3613 146 3681; x_wconf 85' lang='lat' dir='ltr'>t.</span> <span class='ocrx_word' id='word_1_265' title='bbox 170 3609 354 3695; x_wconf 72' lang='lat' dir='ltr'>tenuitolio.</span> <span class='ocrx_word' id='word_1_266' title='bbox 378 3605 468 3673; x_wconf 82' lang='lat' dir='ltr'>Folia</span> <span class='ocrx_word' id='word_1_267' title='bbox 487 3619 613 3674; x_wconf 89' lang='lat' dir='ltr'>setacea</span> <span class='ocrx_word' id='word_1_268' title='bbox 633 3605 741 3674; x_wconf 89' lang='lat' dir='ltr'>minus</span> <span class='ocrx_word' id='word_1_269' title='bbox 761 3606 877 3693; x_wconf 85' lang='lat' dir='ltr'>rigida.</span> <span class='ocrx_word' id='word_1_270' title='bbox 901 3605 1085 3673; x_wconf 89' lang='lat' dir='ltr'>Transitum</span> <span class='ocrx_word' id='word_1_271' title='bbox 1106 3605 1230 3694; x_wconf 86' lang='lat' dir='ltr'>praebet</span> <span class='ocrx_word' id='word_1_272' title='bbox 1248 3627 1267 3672; x_wconf 88' lang='lat' dir='ltr'>a</span> <span class='ocrx_word' id='word_1_273' title='bbox 1287 3608 1353 3675; x_wconf 89' lang='lat' dir='ltr'>lor-</span> 
     </span>
     <span class='ocr_line' id='line_1_34' title="bbox 75 3695 693 3787; baseline -0.006 -23"><span class='ocrx_word' id='word_1_274' title='bbox 75 3698 132 3766; x_wconf 94' lang='lat' dir='ltr'>mis</span> <span class='ocrx_word' id='word_1_275' title='bbox 150 3696 412 3787; x_wconf 86' lang='lat' dir='ltr'>praecedentibus</span> <span class='ocrx_word' id='word_1_276' title='bbox 431 3695 472 3762; x_wconf 89' lang='lat' dir='ltr'>ad</span> <span class='ocrx_word' id='word_1_277' title='bbox 492 3705 693 3784; x_wconf 90' lang='lat' dir='ltr'>sequentem.</span> 
     </span>
    </p>

    <p class='ocr_par' dir='ltr' id='par_1_12' title="bbox 74 3788 1354 3970">
     <span class='ocr_line' id='line_1_35' title="bbox 116 3788 1354 3882; baseline -0.002 -19"><span class='ocrx_word' id='word_1_278' title='bbox 116 3805 193 3865; x_wconf 89' lang='lat' dir='ltr'>Hab.</span> <span class='ocrx_word' id='word_1_279' title='bbox 209 3805 239 3863; x_wconf 94' lang='lat' dir='ltr'>in</span> <span class='ocrx_word' id='word_1_280' title='bbox 255 3802 371 3863; x_wconf 85' lang='lat' dir='ltr'>fissuris</span> <span class='ocrx_word' id='word_1_281' title='bbox 390 3803 506 3876; x_wconf 88' lang='lat' dir='ltr'>rupium</span> <span class='ocrx_word' id='word_1_282' title='bbox 522 3800 615 3860; x_wconf 82' lang='lat' dir='ltr'>Tauri</span> <span class='ocrx_word' id='word_1_283' title='bbox 631 3801 756 3860; x_wconf 87' lang='lat' dir='ltr'>Isaurici</span> <span class='ocrx_word' id='word_1_284' title='bbox 776 3795 885 3882; x_wconf 82' lang='lat' dir='ltr'>(Heldr</span> <span class='ocrx_word' id='word_1_285' title='bbox 895 3796 917 3882; x_wconf 88' lang='lat' dir='ltr'>t)</span> <span class='ocrx_word' id='word_1_286' title='bbox 938 3805 968 3860; x_wconf 86' lang='lat' dir='ltr'>et</span> <span class='ocrx_word' id='word_1_287' title='bbox 983 3798 1097 3862; x_wconf 79' lang='lat' dir='ltr'>(iilicici</span> <span class='ocrx_word' id='word_1_288' title='bbox 1113 3801 1177 3878; x_wconf 84' lang='lat' dir='ltr'>(Ky</span> <span class='ocrx_word' id='word_1_289' title='bbox 1187 3788 1220 3878; x_wconf 83' lang='lat' dir='ltr'>l),</span> <span class='ocrx_word' id='word_1_290' title='bbox 1240 3791 1354 3862; x_wconf 84' lang='lat' dir='ltr'>A&#39;ntili-</span> 
     </span>
     <span class='ocr_line' id='line_1_36' title="bbox 74 3884 512 3970; baseline -0.011 -16"><span class='ocrx_word' id='word_1_291' title='bbox 74 3895 141 3954; x_wconf 82' lang='lat' dir='ltr'>bani</span> <span class='ocrx_word' id='word_1_292' title='bbox 155 3895 185 3954; x_wconf 87' lang='lat' dir='ltr'>in</span> <span class='ocrx_word' id='word_1_293' title='bbox 199 3894 348 3954; x_wconf 87' lang='lat' dir='ltr'>Hermone</span> <span class='ocrx_word' id='word_1_294' title='bbox 366 3885 465 3966; x_wconf 82' lang='lat' dir='ltr'>(Boias</span> <span class='ocrx_word' id='word_1_295' title='bbox 477 3884 512 3970; x_wconf 77' lang='lat' dir='ltr'>l).</span> 
     </span>
    </p>
   </div>
   <div class='ocr_carea' id='block_1_11' title="bbox 76 3997 1353 4265">
    <p class='ocr_par' dir='ltr' id='par_1_13' title="bbox 76 3997 1353 4265">
     <span class='ocr_line' id='line_1_37' title="bbox 115 3997 1353 4084; baseline -0.002 -16"><span class='ocrx_word' id='word_1_296' title='bbox 115 4031 140 4069; x_wconf 84' lang='grc' dir='ltr'>ε.</span> <span class='ocrx_word' id='word_1_297' title='bbox 156 4001 286 4068; x_wconf 84' lang='lat' dir='ltr'>lineato.</span> <span class='ocrx_word' id='word_1_298' title='bbox 309 3999 427 4067; x_wconf 86' lang='lat' dir='ltr'>Glabra</span> <span class='ocrx_word' id='word_1_299' title='bbox 447 3999 494 4065; x_wconf 87' lang='lat' dir='ltr'>vel</span> <span class='ocrx_word' id='word_1_300' title='bbox 514 3997 685 4084; x_wconf 86' lang='lat' dir='ltr'>puberula,</span> <span class='ocrx_word' id='word_1_301' title='bbox 707 3997 868 4066; x_wconf 88' lang='lat' dir='ltr'>caudiculi</span> <span class='ocrx_word' id='word_1_302' title='bbox 889 4010 1004 4064; x_wconf 84' lang='lat' dir='ltr'>tenues</span> <span class='ocrx_word' id='word_1_303' title='bbox 1023 3997 1188 4081; x_wconf 87' lang='lat' dir='ltr'>herbacei,</span> <span class='ocrx_word' id='word_1_304' title='bbox 1210 3997 1287 4065; x_wconf 88' lang='lat' dir='ltr'>lolia</span> <span class='ocrx_word' id='word_1_305' title='bbox 1306 4007 1353 4066; x_wconf 91' lang='lat' dir='ltr'>te-</span> 
     </span>
     <span class='ocr_line' id='line_1_38' title="bbox 76 4085 1351 4173; baseline -0.001 -17"><span class='ocrx_word' id='word_1_306' title='bbox 76 4111 162 4157; x_wconf 89' lang='lat' dir='ltr'>nera.</span> <span class='ocrx_word' id='word_1_307' title='bbox 185 4090 224 4157; x_wconf 94' lang='lat' dir='ltr'>A.</span> <span class='ocrx_word' id='word_1_308' title='bbox 249 4090 371 4156; x_wconf 85' lang='lat' dir='ltr'>lineato</span> <span class='ocrx_word' id='word_1_309' title='bbox 389 4085 539 4173; x_wconf 83' lang='lat' dir='ltr'>C.A.lley</span> <span class='ocrx_word' id='word_1_310' title='bbox 558 4085 593 4152; x_wconf 92' lang='lat' dir='ltr'>in</span> <span class='ocrx_word' id='word_1_311' title='bbox 613 4087 730 4154; x_wconf 82' lang='lat' dir='ltr'>Ledeb.</span> <span class='ocrx_word' id='word_1_312' title='bbox 754 4085 800 4152; x_wconf 83' lang='lat' dir='ltr'>Fl.</span> <span class='ocrx_word' id='word_1_313' title='bbox 825 4086 916 4154; x_wconf 89' lang='lat' dir='ltr'>Ross.</span> <span class='ocrx_word' id='word_1_314' title='bbox 931 4085 1027 4153; x_wconf 76' lang='grc' dir='ltr'>-Α,</span> <span class='ocrx_word' id='word_1_315' title='bbox 1042 4087 1218 4156; x_wconf 84' lang='lat' dir='ltr'>Austriuco</span> <span class='ocrx_word' id='word_1_316' title='bbox 1231 4085 1351 4155; x_wconf 77' lang='lat' dir='ltr'>unu.</span> 
     </span>
     <span class='ocr_line' id='line_1_39' title="bbox 77 4173 1352 4265; baseline -0.004 -20"><span class='ocrx_word' id='word_1_317' title='bbox 77 4177 188 4245; x_wconf 83' lang='lat' dir='ltr'>Euam.</span> <span class='ocrx_word' id='word_1_318' title='bbox 210 4177 306 4246; x_wconf 85' lang='lat' dir='ltr'>Cauc.</span> <span class='ocrx_word' id='word_1_319' title='bbox 320 4199 352 4265; x_wconf 93' lang='lat' dir='ltr'>p.</span> <span class='ocrx_word' id='word_1_320' title='bbox 369 4175 433 4242; x_wconf 80' lang='lat' dir='ltr'>sto</span> <span class='ocrx_word' id='word_1_321' title='bbox 452 4197 517 4243; x_wconf 92' lang='lat' dir='ltr'>non</span> <span class='ocrx_word' id='word_1_322' title='bbox 538 4174 603 4241; x_wconf 82' lang='lat' dir='ltr'>llll.</span> <span class='ocrx_word' id='word_1_323' title='bbox 618 4176 713 4243; x_wconf 90' lang='lat' dir='ltr'>-A.</span> <span class='ocrx_word' id='word_1_324' title='bbox 727 4173 876 4248; x_wconf 79' lang='lat' dir='ltr'>tittarstt</span> <span class='ocrx_word' id='word_1_325' title='bbox 897 4173 991 4242; x_wconf 81' lang='lat' dir='ltr'>Fenzl</span> <span class='ocrx_word' id='word_1_326' title='bbox 1010 4173 1044 4242; x_wconf 90' lang='lat' dir='ltr'>in</span> <span class='ocrx_word' id='word_1_327' title='bbox 1064 4175 1182 4243; x_wconf 90' lang='lat' dir='ltr'>Ledeb.</span> <span class='ocrx_word' id='word_1_328' title='bbox 1197 4176 1243 4243; x_wconf 86' lang='lat' dir='ltr'>Fl.</span> <span class='ocrx_word' id='word_1_329' title='bbox 1259 4175 1352 4243; x_wconf 90' lang='lat' dir='ltr'>Ross.</span> 
     </span>
    </p>
   </div>
   <div class='ocr_carea' id='block_1_12' title="bbox 101 4261 1356 4443">
    <p class='ocr_par' dir='ltr' id='par_1_14' title="bbox 101 4261 1356 4443">
     <span class='ocr_line' id='line_1_40' title="bbox 101 4261 1356 4352; baseline -0.002 -18"><span class='ocrx_word' id='word_1_330' title='bbox 101 4322 107 4333; x_wconf 94' lang='lat'>.</span> <span class='ocrx_word' id='word_1_331' title='bbox 128 4265 191 4334; x_wconf 84' lang='lat'>350</span> <span class='ocrx_word' id='word_1_332' title='bbox 216 4279 247 4333; x_wconf 88' lang='lat' dir='ltr'>et</span> <span class='ocrx_word' id='word_1_333' title='bbox 270 4267 370 4333; x_wconf 83' lang='lat' dir='ltr'>Roiss.</span> <span class='ocrx_word' id='word_1_334' title='bbox 392 4265 506 4350; x_wconf 85' lang='lat' dir='ltr'>Diagn.</span> <span class='ocrx_word' id='word_1_335' title='bbox 534 4263 601 4331; x_wconf 88' lang='lat' dir='ltr'>Ser.</span> <span class='ocrx_word' id='word_1_336' title='bbox 626 4265 660 4348; x_wconf 94' lang='lat' dir='ltr'>l,</span> <span class='ocrx_word' id='word_1_337' title='bbox 692 4263 784 4348; x_wconf 87' lang='lat' dir='ltr'>Vlll,</span> <span class='ocrx_word' id='word_1_338' title='bbox 816 4286 849 4352; x_wconf 94' lang='lat' dir='ltr'>p.</span> <span class='ocrx_word' id='word_1_339' title='bbox 872 4261 948 4331; x_wconf 75' lang='lat'>100.</span> <span class='ocrx_word' id='word_1_340' title='bbox 971 4303 1015 4312; x_wconf 85' lang='lat'>-</span> <span class='ocrx_word' id='word_1_341' title='bbox 1040 4263 1081 4332; x_wconf 87' lang='lat' dir='ltr'>A.</span> <span class='ocrx_word' id='word_1_342' title='bbox 1104 4264 1356 4333; x_wconf 81' lang='lat' dir='ltr'>Heldreiclriono</span> 
     </span>
     <span class='ocr_line' id='line_1_41' title="bbox 121 4355 516 4443; baseline -0.008 -20"><span class='ocrx_word' id='word_1_343' title='bbox 121 4357 173 4423; x_wconf 90' lang='lat' dir='ltr'>iss.</span> <span class='ocrx_word' id='word_1_344' title='bbox 197 4356 230 4422; x_wconf 95' lang='lat' dir='ltr'>in</span> <span class='ocrx_word' id='word_1_345' title='bbox 251 4355 361 4423; x_wconf 90' lang='lat' dir='ltr'>Heldr.</span> <span class='ocrx_word' id='word_1_346' title='bbox 384 4355 428 4443; x_wconf 94' lang='lat' dir='ltr'>pl.</span> <span class='ocrx_word' id='word_1_347' title='bbox 451 4374 516 4420; x_wconf 87' lang='lat' dir='ltr'>exs.</span> 
     </span>
    </p>
   </div>
   <div class='ocr_carea' id='block_1_13' title="bbox 81 4452 1357 4634">
    <p class='ocr_par' dir='ltr' id='par_1_15' title="bbox 81 4452 1357 4634">
     <span class='ocr_line' id='line_1_42' title="bbox 120 4452 1357 4544; baseline -0.002 -22"><span class='ocrx_word' id='word_1_348' title='bbox 120 4463 193 4525; x_wconf 87' lang='lat' dir='ltr'>Hab.</span> <span class='ocrx_word' id='word_1_349' title='bbox 211 4464 240 4522; x_wconf 93' lang='lat' dir='ltr'>in</span> <span class='ocrx_word' id='word_1_350' title='bbox 259 4463 443 4539; x_wconf 87' lang='lat' dir='ltr'>rupestribus</span> <span class='ocrx_word' id='word_1_351' title='bbox 461 4462 569 4522; x_wconf 86' lang='lat' dir='ltr'>montis</span> <span class='ocrx_word' id='word_1_352' title='bbox 587 4459 745 4536; x_wconf 80' lang='lat' dir='ltr'>Gheidagh</span> <span class='ocrx_word' id='word_1_353' title='bbox 763 4461 856 4522; x_wconf 86' lang='lat' dir='ltr'>Tauri</span> <span class='ocrx_word' id='word_1_354' title='bbox 883 4462 1008 4522; x_wconf 84' lang='lat' dir='ltr'>Isaurici</span> <span class='ocrx_word' id='word_1_355' title='bbox 1035 4459 1146 4538; x_wconf 87' lang='lat' dir='ltr'>(Heldr</span> <span class='ocrx_word' id='word_1_356' title='bbox 1157 4452 1165 4520; x_wconf 83' lang='lat' dir='ltr'>l</span> <span class='ocrx_word' id='word_1_357' title='bbox 1178 4457 1210 4544; x_wconf 82' lang='lat'>),</span> <span class='ocrx_word' id='word_1_358' title='bbox 1229 4458 1357 4521; x_wconf 75' lang='lat' dir='ltr'>Caucasi</span> 
     </span>
     <span class='ocr_line' id='line_1_43' title="bbox 81 4548 1357 4634; baseline -0.001 -22"><span class='ocrx_word' id='word_1_359' title='bbox 81 4549 185 4634; x_wconf 70' lang='lat' dir='ltr'><strong>(MR),</strong></span> <span class='ocrx_word' id='word_1_360' title='bbox 204 4553 325 4614; x_wconf 89' lang='lat' dir='ltr'>ditionis</span> <span class='ocrx_word' id='word_1_361' title='bbox 342 4552 474 4630; x_wconf 85' lang='lat' dir='ltr'>&#39;Palysch</span> <span class='ocrx_word' id='word_1_362' title='bbox 491 4550 655 4630; x_wconf 70' lang='lat' dir='ltr'>(uait),</span> <span class='ocrx_word' id='word_1_363' title='bbox 675 4551 786 4611; x_wconf 78' lang='lat' dir='ltr'>Persia</span> <span class='ocrx_word' id='word_1_364' title='bbox 802 4553 867 4612; x_wconf 91' lang='lat' dir='ltr'>bor.</span> <span class='ocrx_word' id='word_1_365' title='bbox 887 4552 915 4610; x_wconf 92' lang='lat' dir='ltr'>in</span> <span class='ocrx_word' id='word_1_366' title='bbox 935 4569 1017 4628; x_wconf 90' lang='lat' dir='ltr'>prov.</span> <span class='ocrx_word' id='word_1_367' title='bbox 1038 4548 1223 4628; x_wconf 85' lang='lat' dir='ltr'>Aderbidjan</span> <span class='ocrx_word' id='word_1_368' title='bbox 1241 4549 1357 4628; x_wconf 86' lang='lat' dir='ltr'>(Anch.</span> 
     </span>
    </p>
   </div>
   <div class='ocr_carea' id='block_1_14' title="bbox 0 0 1629 5204">
    <p class='ocr_par' dir='ltr' id='par_1_16' title="bbox 0 0 1629 5204">
     <span class='ocr_line' id='line_1_44' title="bbox 0 0 1629 5204; baseline 0 0"><span class='ocrx_word' id='word_1_369' title='bbox 0 0 1629 5204; x_wconf 95' lang='lat' dir='ltr'> </span> 
     </span>
    </p>
   </div>
  </div>
 </body>
</html>
