3204 5196
119 793 248 867 Onu.
276 795 408 866 xxti.
434 793 870 868 STERCULIACEAE.
900 791 1011 865 ltntt.
1036 794 1130 867 Gen.
1161 790 1252 866 987.

88 1096 202 1163 Flores
225 1099 401 1183 regulares,
424 1098 456 1164 in
477 1097 595 1165 nostris
615 1097 884 1185 hermaphroditi.
907 1097 996 1185 Calyx
1022 1095 1330 1183 gamosepalusper-

46 1184 161 1251 sistens
183 1187 255 1272 plus
276 1185 557 1275 minusprolunde
577 1185 701 1252 bladus
721 1185 918 1254 aestivatione
939 1187 1091 1252 valvatus.
1116 1184 1221 1250 Patala
1241 1181 1328 1250 bra·-

45 1272 112 1338 rius
133 1275 235 1340 nulla.
258 1273 401 1342 Stamina
421 1276 467 1341 vel
496 1275 663 1342 indefinita
682 1275 714 1341 in
745 1274 856 1341 tubum
878 1275 1102 1340 columnamm
1123 1283 1262 1340 connata
1281 1274 1328 1338 vel

45 1359 65 1426 5
84 1361 254 1429 sublibera
273 1363 389 1451 sepalis
410 1364 545 1446 alterna,
567 1363 761 1430 staminodia
781 1363 866 1429 inter
886 1361 1024 1430 stamina
1044 1361 1161 1450 sepelis
1181 1361 1328 1449 opposita

46 1450 90 1514 vel
111 1451 217 1534 nulla,
238 1452 383 1518 antherae
404 1451 598 1519 bilooulares
619 1452 701 1519 rima
729 1451 847 1539 duplici
870 1451 1083 1518 dehiscentes.
1106 1448 1257 1516 Ovarium
1290 1449 1328 1515 li-

46 1537 159 1604 herum
181 1537 244 1604 a-5
262 1540 405 1607 loculare
425 1540 539 1623 loculis
563 1539 843 1628 h-pluriovulatis‚
865 1541 957 1606 ovula
989 1551 1156 1626 anatropa.
1191 1537 1328 1606 Fructus

45 1627 160 1708 siccus,
183 1630 322 1714 carnalla
345 1630 391 1696 vel
411 1629 443 1694 in
466 1630 631 1716 capsulam
651 1627 818 1696 loculioide
838 1628 1064 1696 dehiscentem
1087 1625 1201 1694 coalita
1223 1627 1268 1692 vel
1294 1626 1328 1692 in

46 1735 157 1782 coecos
178 1716 420 1784 indehiscentes
450 1729 505 1783 aut
524 1717 669 1784 valratim
690 1717 894 1785 dehiscentes
914 1715 1107 1784 secedentia.
1132 1713 1260 1784 Semina
1281 1717 1327 1782 al-

46 1803 230 1887 criminosa,
253 1805 386 1895 embryo
407 1817 514 1873 rectus
533 1807 581 1872 vel
603 1827 766 1873 arcuatus.
975 1813 977 1816 ’

588 2069 784 2145 ttttttttttt
1054 2152 1056 2156 ,

428 2195 559 2285 (torst.
587 2194 632 2267 lll.
659 2193 726 2286 ὣς.
751 2193 843 2268 trah.
870 2194 942 2289 bl).

88 2429 263 2498 Rracteolae
286 2443 349 2498 tres
370 2433 589 2519 persistentes.
612 2431 737 2521 Calyxh
749 2434 898 2522 partitus.
923 2433 1028 2501 Petale
1048 2433 1068 2499 5
1094 2433 1324 2502 marcescentia

47 2518 147 2602 plana.
169 2518 296 2607 Cupula
315 2521 475 2588 staminea
494 2521 683 2588 brevissima
703 2521 896 2590 staminodia
916 2521 936 2588 5
964 2522 1095 2609 ligulata
1122 2522 1325 2610 staminaque

47 2605 154 2673 5oum
176 2609 381 2676 staminodiis
408 2610 602 2676 alternantia
629 2610 746 2676 lerens.
773 2610 924 2679 Ovarium
946 2611 1057 2678 sessile
1077 2611 1260 2678 5-loculare
1281 2613 1326 2677 lo-

48 2695 121 2763 culis
140 2696 414 2781 l-pluriovulatis.
436 2697 511 2786 Styli
531 2697 552 2764 5
573 2699 640 2765 basi
661 2698 780 2767 coeliti.
802 2699 937 2788 Capsula
950 2699 1117 2767 loculicide
1137 2699 1317 2768 dehiscens.

47 2823 86 2830 -
104 2783 250 2852 Frutioes
271 2786 411 2853 molliter
432 2786 616 2854 tomentosi.

86 3011 136 3076 tt.
161 3013 403 3082 bractaosa
422 3013 534 3099 (Guilt.
572 3022 603 3078 et
630 3013 719 3080 Perr.
749 2999 840 3082 Te'nt.
871 3011 916 3078 rt.
938 3012 1052 3099 seneg.
1075 3014 1101 3095 l,
1122 3036 1153 3114 p.
1177 3013 1232 3104 86,
1253 3014 1319 3081 tab.

48 3093 85 3161 ll
104 3099 162 3165 suh
185 3101 340 3176 Broterdl
362 3102 514 3188 adpresse
543 3111 834 3184 lamentosa-cana,
857 3100 941 3168 loliis
961 3101 1080 3189 petiolo
1105 3123 1151 3168 ers
1181 3102 1321 3169 breviori

45 3186 174 3254 sullultis
193 3189 297 3256 ovat-is
316 3191 363 3256 vel
383 3190 531 3276 oblongis
552 3189 674 3256 obtusis
695 3190 847 3272 arenatis,
869 3189 994 3277 stipulis
1014 3190 1161 3271 setaeeis,
1184 3191 1321 3258 racemis

47 3272 227 3345 arillaribus
247 3278 373 3345 billoris
392 3279 513 3367 petiolo
534 3277 808 3366 subaequilongis,
830 3277 985 3344 involucri
1009 3278 1146 3346 bracteis
1173 3279 1322 3346 cordato-

47 3363 274 3434 renilormibus
293 3377 477 3435 transverse
504 3366 674 3434 latioribus
701 3366 918 3434 obtusissimis
948 3369 1077 3451 tandem
1109 3367 1322 3435 accrescenti-

47 3448 117 3532 hus,
138 3455 256 3543 ealyois
276 3457 359 3523 lobis
379 3455 790 3542 triangulari-lanceolatis‚
811 3454 925 3543 petalis
945 3455 1075 3544 oblique
1096 3456 1197 3522 oratis
1217 3457 1322 3544 calyce

46 3536 265 3626 brevioribus,
287 3545 492 3612 staminodiis
512 3543 690 3610 linearibus
722 3543 860 3612 stamina
886 3545 1134 3631 superantibus,
1156 3544 1255 3611 orarii
1277 3546 1324 3611 lo-

46 3627 120 3696 culis
138 3629 199 3698 aa
219 3632 369 3714 maletis,
391 3635 517 3701 fructus
537 3631 650 3700 loculis
668 3631 722 3700 ’1-3
742 3632 879 3722 spermis
899 3633 1080 3700 seminibus
1100 3634 1200 3701 oratis
1220 3653 1322 3722 pune-

48 3716 113 3813 tatjs
133 3732 160 3796 5.
184 3721 228 3787 M.
256 3721 414 3808 Kotschyi
436 3731 466 3789 et
486 3724 530 3788 M.
559 3723 746 3808 renisorma's
766 3721 900 3789 Hoehst.
929 3731 961 3787 et
984 3721 1027 3787 St.
1055 3721 1088 3787 in
1119 3720 1259 3811 Schimp.
1291 3733 1322 3788 et

48 3823 76 3869 tn
101 3805 142 3896 tty
165 3811 210 3898 pl.
235 3831 300 3876 exe.
324 3809 367 3876 M.
391 3811 552 3897 sidaesolio
577 3810 687 3878 Stoclrs
714 3811 786 3878 llss.

85 3913 157 3975 Hah.
179 3919 208 3976 ln
225 3919 352 3978 collibus
367 3919 545 3978 Belatschiae
563 3918 737 3978 interioris?
756 3914 880 4000 (Stoclrs
892 3921 923 3988 l).

87 4013 180 4078 Dubia
196 4021 279 4094 civis,
298 4039 364 4078 nam
383 4021 482 4079 forsan
496 4025 607 4079 lantum
627 4021 654 4078 in
674 4020 786 4079 ditione
803 4018 911 4079 Scinde
930 4021 1068 4082 occurrit.

86 4114 141 4179 Ar.
165 4119 288 4200 Geogr.
308 4120 518 4199 Senegambia,
538 4121 638 4182 Nubia
650 4123 826 4182 Kordofana
838 4123 900 4200 (ΚΥ
915 4121 947 4198 l),
966 4121 1077 4182 Arabia
1096 4125 1222 4198 tropica,
1238 4124 1323 4181 ludia

46 4207 325 4272 hon-occidentalis.

86 4411 136 4478 M.
156 4420 292 4483 ovata
311 4413 440 4500 (Cavan.
464 4415 505 4481 lc.
530 4416 568 4498 V,
588 4437 620 4503 p.
649 4416 699 4496 lll,
721 4416 785 4482 tab.
809 4413 886 4498 tta,
909 4416 969 4482 sub
994 4417 1146 4502 Brute-ed)
1168 4419 1320 4505 adpresse

49 4512 335 4584 cano-tomentosa,
358 4503 441 4570 loliis
463 4503 580 4592 pretiolo
608 4503 654 4570 eis
680 4503 822 4571 breviori
842 4504 980 4571 sullultis
1001 4527 1017 4571 e
1037 4506 1105 4572 basi
1128 4507 1319 4573 subcordatd

47 4587 140 4655 «iratis
159 4590 282 4658 obtusis
304 4591 465 4674 cr'cnatis,
487 4591 612 4682 stipulis
632 4593 786 4676 semesis,
808 4591 944 4660 racemis
970 4604 999 4660 et
1024 4594 1125 4660 axillis
1157 4595 1318 4683 supremis
