3276 5200
695 397 760 464 559

86 537 153 623 lyce
173 535 214 601 ad
235 543 382 623 quartam
402 544 528 622 partem
553 533 587 600 in
614 533 727 600 dentes
752 534 947 602 lanceolatos
974 533 1098 602 ciliatos
1126 537 1213 619 fisso,
1246 539 1364 607 lamina

85 623 228 689 breviter
248 627 372 689 exserta
390 622 461 689 alba
482 621 750 708 lineari-oblonga
770 621 896 710 integral
915 622 961 689 vel
983 628 1090 690 retusa
1126 636 1173 701 26.
1206 625 1365 695 dordonia

85 712 335 781 minoortioides
355 710 455 778 ssotss.
479 711 539 778 loo.
563 710 617 778 cit.
639 732 672 799 p.
695 707 748 776 94.

127 817 204 878 Hah.
225 819 256 876 in
284 813 411 876 collibus
436 815 529 875 aridis
558 815 697 893 Phrygia
714 832 809 891 prope
834 809 947 876 Selenti
965 809 1096 902 (laub),
1122 837 1213 893 supra
1240 819 1365 882 Onchalr

84 906 192 986 (bell),
212 907 253 966 ad
266 906 386 980 Egirdir
406 902 530 965 Pisidiae
547 903 699 988 (Heldrt),
725 905 805 965 circa
820 903 936 965 Elmaln
954 906 1056 981 Lycia
1078 907 1189 986 (Bonrg
1201 906 1235 987 l),
1253 911 1282 970 in
1300 911 1365 988 Ly-

84 997 191 1056 caonia
206 1014 303 1072 prope
320 995 440 1054 Koniab
458 988 570 1079 (Heldr
581 996 613 1074 t).
632 995 679 1054 ΡΙ.
695 995 764 1054 Mai.
782 995 841 1054 Jul.

124 1099 233 1160 Facies
252 1099 435 1168 Mioocrtim
456 1098 529 1156 folia
545 1098 662 1174 majora
679 1095 738 1159 5-4
751 1099 845 1158 lineas
863 1099 962 1175 longa,
983 1100 1071 1174 calyx
1088 1097 1110 1161 2
1126 1101 1176 1161 lin.
1195 1103 1310 1178 longus.

124 1336 169 1405 G.
185 1336 523 1424 sperqulaelolia
537 1335 651 1424 (laub.
674 1346 705 1403 et
724 1335 777 1424 Sp.
794 1336 841 1402 lll.
856 1336 910 1404 Or.
927 1337 952 1418 l,
973 1357 995 1423 p
1021 1333 1077 1418 28,
1098 1337 1164 1404 tab.
1182 1337 1225 1406 13
1245 1340 1362 1428 (mala)

83 1423 139 1490 sub
158 1424 387 1514 Heterccbrod)
411 1424 721 1512 puberulo-viscida‚
750 1425 849 1492 ramis
869 1424 1026 1510 elongatis
1047 1425 1187 1492 breviter
1208 1429 1362 1514 ramosis,

82 1511 163 1580 loliis
182 1514 341 1580 subulatis
360 1513 501 1596 muricis,
522 1513 669 1601 capitulis
688 1513 830 1580 breviter
848 1513 1084 1601 peduncnlatis,
1105 1514 1245 1583 bracteis
1259 1517 1362 1584 subu·

83 1601 149 1668 latis
179 1601 312 1669 muticis
343 1602 441 1690 calyci
470 1601 674 1690 aequilongiS,
706 1601 813 1689 calyce
838 1602 877 1668 ad
903 1601 1030 1668 tertiam
1049 1613 1173 1690 partem
1194 1603 1227 1670 in
1248 1606 1362 1673 dentes

83 1688 274 1758 lanceolatos
301 1689 423 1758 ciliatos
450 1701 554 1757 rectos
581 1691 674 1772 fisso,
702 1689 821 1756 lamina
845 1689 916 1756 alna
940 1689 1079 1776 oblonga
1102 1693 1244 1782 calycem
1268 1716 1361 1761 exce·

83 1777 174 1845 dente
203 1793 249 1856 34.
273 1781 432 1846 dordonia
443 1779 684 1868 sperpclmsolio
704 1777 805 1846 Roiss.
828 1789 860 1845 et
878 1778 989 1844 Heldr.
1013 1779 1074 1845 loc.
1096 1778 1150 1846 eit.

127 1883 203 1944 Hab.
221 1887 251 1944 in
269 1885 358 1946 siccis
377 1885 514 1961 Pbrygiae
526 1880 645 1964 (laub),
659 1886 687 1942 ln
702 1889 799 1943 monte
817 1883 984 1958 Almadagb
1002 1901 1095 1959 prope
1111 1883 1236 1946 Onchak
1249 1881 1317 1967 (Bal
1328 1887 1360 1964 t).

87 2073 104 2131 d
130 1985 312 2046 Praecedentl
335 1986 446 2056 laxior,
465 1986 595 2061 capitula
622 1985 749 2060 minora,
769 1984 842 2044 lolia
867 1991 897 2042 et
919 1984 1048 2045 bractea
1073 1986 1189 2046 muticae
1212 1996 1242 2044 et
1259 1990 1361 2062 petala

107 2075 173 2149 nplo
191 2077 317 2151 majora.

441 2337 687 2413 lltocttttttsl
711 2337 827 2433 (Bunpo
851 2338 884 2411 in
911 2337 995 2432 litt).

149 2579 240 2671 Calyx
279 2582 449 2650 tubulosus
486 2581 775 2670 quinquecostatus
848 2579 1079 2668 inquenervius
1120 2581 1206 2650 inter
1245 2605 1362 2653 nervos

89 2669 364 2738 membranaceus.
387 2670 494 2738 Petala
513 2668 534 2737 5
552 2690 661 2756 ungue
681 2669 793 2756 longit.
838 2669 1011 2736 ilamellato
1030 2670 1063 2736 in
1077 2669 1229 2738 laminam
1242 2674 1362 2741 sensim

89 2754 226 2825 dilatato.
261 2757 493 2847 Gynopborum
513 2759 622 2825 breve.
655 2757 805 2826 Ovarium
833 2756 1034 2824 unilocularc
1060 2757 1081 2824 ll
1107 2761 1270 2828 ovnlatum
1295 2765 1362 2862 pla-

90 2851 177 2912 centa
197 2847 456 2936 hemisphaerica.
486 2845 621 2934 Capsula
640 2848 691 2936 (ex
711 2847 752 2912 cl.
774 2843 881 2912 Fiscb.
904 2856 935 2911 et
954 2847 1051 2935 Moy.)
1071 2848 1220 2935 elongata
1239 2861 1362 2918 ntrrcu-

91 2929 219 3000 lilormis
251 2936 367 3002 abortu
399 2937 703 3022 snbmcnosperma‚
730 2933 935 3000 indebiscens
966 2933 1191 3035 irregulariter
1223 2939 1361 3027 ruptilis

91 3015 212 3090 Semina
232 3023 422 3091 renilornria
441 3024 531 3091 valde
551 3033 692 3090 curvata.
717 3022 855 3111 Embryo
875 3021 1107 3110 peripbaerrcus
1127 3025 1269 3094 radicula
1288 3049 1364 3115 pro-

92 3107 232 3178 minenti.
255 3152 301 3160 -
318 3111 506 3180 Suffrutices
526 3110 625 3178 ramis
645 3111 773 3193 erectis,
804 3110 891 3177 loliis
915 3109 1107 3179 inermibus,
1140 3112 1249 3180 Genus
1272 3117 1364 3183 valde

93 3195 183 3265 alline
205 3199 413 3288 Gypsopbilae
431 3201 514 3268 Sect.
538 3199 700 3267 Bolootbo
720 3219 739 3266 a
757 3203 821 3286 qud
846 3209 965 3287 praeter
989 3199 1133 3267 orarium
1157 3202 1365 3290 pauciovula·

94 3291 156 3350 turn
174 3290 305 3376 capsula
331 3288 508 3356 utriculosa
533 3297 565 3355 et
590 3288 815 3375 irregulariter
840 3286 951 3375 ruptili
978 3288 1064 3355 dicta
1090 3299 1215 3355 tantum
1242 3290 1361 3358 dillert.

93 3370 347 3464 Acoctbcpbpllo
366 3377 553 3445 charactere
573 3378 712 3464 capsulae
731 3375 928 3463 proximum,
950 3375 990 3441 ab
1010 3396 1048 3444 eo
1068 3375 1162 3453 lacie,
1180 3375 1265 3444 loliis
1277 3379 1364 3446 iner-

95 3459 194 3530 mibus
213 3475 245 3532 et
265 3464 457 3534 staminibus
476 3483 541 3531 non
565 3464 661 3551 longe
688 3463 821 3530 exsertis
847 3462 993 3530 discedit.
1034 3462 1217 3531 Petalorum
1236 3465 1365 3535 laminae

95 3544 220 3638 insuper
240 3553 275 3641 (a
294 3553 334 3620 cl.
357 3553 391 3620 F.
415 3563 448 3620 et
466 3553 505 3619 ll.
529 3550 583 3640 qui
604 3572 659 3620 eas
677 3551 763 3618 vivas
779 3550 817 3618 in
836 3551 876 3617 A.
895 3551 1080 3618 percolari
1098 3551 1363 3644 observaverunt)

95 3635 175 3704 varie
194 3639 285 3709 llexae
305 3652 336 3710 et
354 3641 509 3710 corollam
528 3639 743 3726 irregularem
764 3639 953 3707 simulantes
971 3638 1136 3707 dicuntur.

137 3876 181 3944 A„
204 3883 452 3952 versicolor
481 3879 531 3968 (F.
555 3890 587 3947 et
606 3879 645 3946 Μ.
670 3878 739 3947 lnd.
763 3879 814 3947 lv.
837 3879 965 3968 Petrcp.
993 3899 1025 3968 p.
1048 3878 1087 3946 :ll
1117 3880 1178 3948 sub
1203 3881 1367 3950 Acootbo-

96 3959 215 4058 ptytto)
235 3971 343 4057 patule
363 3967 774 4057 pubescenti-granduna,
806 3967 891 4036 loliis
910 3967 1087 4035 linearibus
1106 3967 1175 4036 basi
1195 3972 1368 4039 attenuatis

98 4047 331 4140 obtusiusculis,
363 4057 462 4125 ramis
488 4055 607 4124 strictis
634 4076 762 4155 cpmose
782 4076 838 4124 cor
861 4053 982 4123 mbcsis
1001 4055 1199 4137 multilloris,
1228 4057 1367 4127 bracteis

99 4134 274 4212 lanceolatis
303 4145 530 4233 pedicellisqne
559 4143 659 4232 calycr
691 4079 944 4231 subaeqniiongis
973 4143 1222 4226 viscosissimis,
1260 4148 1368 4236 calyce

100 4227 183 4295 valde
201 4233 523 4320 pubescenti-viscido
543 4233 582 4300 ad
602 4243 722 4298 sextam
740 4245 865 4320 partem
878 4251 980 4318 usque
993 4231 1026 4297 in
1038 4233 1150 4300 dentes
1163 4232 1368 4320 triangulari-

101 4309 286 4388 lanceolatos
306 4333 416 4389 acutos
435 4321 524 4404 fisso,
546 4319 665 4387 lamina
685 4323 790 4409 ampla
810 4321 943 4388 obovatd
964 4320 1147 4404 subretusa,
1168 4326 1299 4408 capsula
1318 4345 1369 4391 ca-

102 4398 163 4486 llssss
181 4410 360 4498 quadruplo
379 4409 524 4496 longiore
544 4419 572 4485 5.

143 4511 212 4572 Hab.
237 4519 266 4574 in
288 4516 432 4590 lapidosis
452 4509 620 4576 aritisslmis
642 4521 671 4574 et
693 4515 812 4574 desorto
830 4516 910 4574 salso
929 4515 967 4573 ad
992 4514 1245 4576 Nackitsohewan
1262 4515 1366 4578 Armo-

104 4595 154 4655 nle
174 4599 311 4689 (siout).
330 4605 379 4665 Ill.
395 4610 458 4664 est.
664 4592 669 4600 ’
