3300 5192
721 344 782 411 [191

164 485 244 544 Hab.
265 487 293 544 in
312 485 505 562 Cappadocia
527 489 565 546 ad
592 487 773 563 Euphratem
791 486 900 566 (buch.
921 505 983 546 exs.
1002 474 1090 548 520!
1106 489 1136 561 ),
1156 487 1187 545 in
1212 487 1397 559 rupcstribus

119 573 156 632 ad
176 574 315 635 Marasch
332 585 361 634 ct
377 577 486 637 dintab
504 576 599 654 Syria
616 571 754 664 (Hausslr
766 567 802 656 l),
821 579 850 635 in
869 577 996 653 Assyrii
1011 577 1049 635 ad
1063 576 1190 635 Mendeli
1210 572 1286 656 (Noe'
1298 570 1329 650 l).

161 812 206 878 D.
219 811 537 896 'I'alyschensis
558 809 674 896 (Boiss.
691 819 722 875 et
735 808 839 875 Bubse
858 808 948 873 Aula.
972 828 1003 894 p.
1026 804 1083 894 aa)
1104 806 1228 892 glaber,
1251 805 1396 874 caulibus

118 897 228 986 paucis
256 898 372 966 erectis
399 898 645 987 simplicissimis
664 896 786 964 foliosis
805 895 973 978 unilloris,
1001 893 1086 962 loliis
1114 893 1309 961 radicalibus
1336 895 1398 961 sub

118 986 240 1053 antbesi
271 985 443 1072 emarcidis
469 987 607 1054 caulinis
629 985 735 1072 longis
754 983 896 1051 llaccidis
916 985 977 1051 late
997 982 1176 1050 linearibus
1196 981 1254 1048 5-7
1276 983 1397 1049 nertiis

121 1075 325 1158 acuminatis,
348 1075 508 1164 supremis
528 1095 593 1143 non
613 1072 781 1141 diminutis
800 1072 913 1139 liorem
927 1071 1170 1160 superantibus,
1191 1071 1313 1158 vaginis
1326 1072 1397 1138 lon-

120 1161 184 1250 gis,
215 1163 360 1252 squamis
386 1164 513 1252 pallidis
540 1161 879 1252 elliptico-lanoeolatis
899 1160 931 1226 in
952 1159 1102 1248 cuspides
1121 1169 1263 1226 setaceas
1282 1160 1394 1245 longas

119 1251 298 1340 calycinum
320 1252 431 1318 tubum
451 1261 617 1339 aequantes
637 1248 823 1330 attenuatis,
844 1247 962 1336 calycis
979 1248 1065 1330 longi
1080 1259 1214 1333 anguste
1228 1247 1394 1347 cylindrici

119 1339 268 1406 dontibus
289 1339 391 1426 longis
412 1339 623 1422 acuminaliS,
645 1339 826 1427 petalornm
847 1358 955 1424 ungue
975 1337 1162 1402 subcrsertd
1182 1337 1302 1402 lamma
1322 1335 1394 1403 alba

119 1434 365 1496 ovato-cuneata
385 1428 475 1518 apice
496 1427 762 1516 profundiusoule
781 1426 911 1493 dentata
931 1427 1040 1512 calyce
1061 1423 1155 1512 triplo
1175 1423 1323 1490 breviore
1343 1435 1391 1499 11.

159 1535 235 1596 Hab.
254 1537 285 1595 in
303 1536 396 1611 sylvis
412 1553 498 1612 prov.
518 1535 652 1611 Talyscb
669 1553 756 1609 supra
776 1533 886 1594 Astora
905 1534 956 1592 alt.
976 1529 1080 1596 5000ἱ
1100 1520 1258 1611 (Babaeil.

160 1635 268 1696 Ocules
290 1633 363 1720 ¹l,-l
381 1639 513 1712 pedales,
533 1637 606 1696 lolia
622 1637 739 1696 caulina
757 1631 864 1718 2¹l,-5
883 1636 1007 1711 pollices
1025 1636 1116 1710 longa
1135 1628 1199 1716 1¹1,
1218 1635 1289 1708 lala,
1304 1635 1393 1709 calyx

120 1723 219 1790 1416
237 1729 333 1785 lineas
361 1728 478 1800 longus.
497 1727 601 1785 Floras
624 1726 652 1782 in
672 1727 754 1784 caulo
773 1727 858 1784 binos
877 1726 967 1784 semel
987 1729 1099 1784 lanium
1119 1725 1155 1784 ol.
1174 1723 1273 1783 Buhse
1292 1725 1392 1783 obser·

120 1817 206 1875 vovit.
224 1817 316 1876 Facie
333 1823 362 1875 et
378 1817 456 1876 foliis
473 1817 511 1875 ad
529 1817 563 1876 ll.
581 1815 855 1893 dionapeeauloaum
871 1820 899 1874 et
915 1815 1072 1893 superbum
1091 1813 1206 1874 accedit
1221 1814 1273 1874 sed
1286 1815 1324 1872 ob
1341 1831 1391 1888 pe-

28 1926 32 1932 ·
119 1905 176 1964 tals
193 1924 252 1965 uon
272 1908 419 1966 fimbriata
436 1905 485 1966 bic
504 1907 590 1966 nimis
608 1906 802 1965 artificialiter
819 1905 990 1965 collocatus.

156 2147 201 2215 D·
223 2147 439 2234 fragrans
460 2147 541 2234 (ΜΒ.
563 2149 659 2214 Taur.
682 2146 778 2215 Cauc.
803 2149 879 2236 1,ρ.
903 2147 960 2236 33)
988 2169 1005 2215 e
1033 2149 1210 2215 rhizomate
1238 2147 1390 2215 indurato

118 2234 322 2320 pluricaulis,
350 2235 497 2302 caulibus
523 2235 640 2302 erectis
667 2235 868 2322 simplicibus
888 2239 936 2304 vel
956 2258 1052 2325 parce
1072 2236 1209 2303 ramosis
1228 2236 1267 2302 ad
1288 2237 1390 2302 nodos

118 2342 196 2409 saepe
216 2323 376 2404 infractis,
397 2323 481 2390 loliis
501 2324 620 2391 strictis
639 2335 774 2410 anguste
793 2324 970 2393 linearibus
989 2325 1092 2392 acutis
1111 2323 1167 2392 3-5
1186 2323 1304 2391 nerviis
1324 2345 1390 2390 sca·

117 2409 179 2476 bris
200 2411 397 2479 radicalibus
417 2411 640 2494 tenuioribus,
669 2412 812 2500 squamis
838 2413 965 2501 pallidis
985 2412 1243 2498 ovato-oblongis
1263 2411 1296 2478 in
1316 2433 1389 2479 cus·

116 2497 219 2584 pidem
245 2511 405 2568 setaceam
439 2499 638 2588 longiuscule
669 2501 842 2568 attenuatis
869 2503 976 2590 calyce
1003 2501 1137 2568 dimidio
1172 2500 1388 2583 brevioribus,

115 2587 223 2676 calycis
241 2588 396 2656 dentibus
416 2589 613 2670 lanceolatis,
636 2589 753 2656 lamina
773 2589 846 2656 albai
865 2590 1094 2657 roseosuil'usd
1114 2591 1250 2656 obovatd
1269 2589 1301 2655 in
1314 2589 1390 2655 den·

114 2683 158 2742 tes
176 2687 290 2744 acutos
309 2675 574 2765 profundiuscule
594 2676 694 2743 incisa
714 2678 819 2766 calyce
839 2679 1019 2767 quadruplo
1040 2677 1187 2745 breviore
1206 2689 1253 2754 11.
1277 2677 1389 2744 1111-

115 2762 345 2832 boscbe'tzioaas
365 2765 491 2832 Haben.
513 2765 630 2832 Enum.
653 2765 770 2832 Elisab.
794 2766 836 2834 Νο
856 2765 920 2834 131
940 2787 1005 2834 non
1025 2765 1093 2833 Ser.

154 2871 231 2931 liab.
259 2873 290 2930 in
313 2873 459 2932 fruticetis
485 2873 650 2948 subalpinis
670 2873 796 2933 Caucasi
818 2875 1060 2949 septentrionalis
1088 2875 1124 2931 ad
1144 2871 1294 2932 Narlzana
1313 2873 1389 2932 etin

113 2966 208 3019 moute
226 2961 378 3022 Bescbtau
397 2959 563 3040 (stabit),
585 2963 614 3020 in
630 2963 735 3022 lberiae
752 2971 851 3022 monte
869 2963 965 3022 Sarial
984 2963 1105 3040 (Hohl).
1124 2961 1250 3022 r1.aest.
1381 2953 1385 2962 ’

154 3065 251 3126 Oculis
270 3065 315 3128 1·
330 3062 394 3150 Pl,
412 3069 538 3142 pedalis.
558 3070 663 3129 Diffart
678 3089 696 3128 a
712 3069 749 3132 D.
771 3070 1008 3131 Lidoecltilzioao
1027 3072 1110 3130 caule
1129 3071 1288 3144 elongato,
1308 3069 1390 3128 soliis

112 3156 227 3228 strictis,
248 3159 353 3233 calyce
371 3159 505 3233 pollicari
524 3165 555 3218 et
573 3160 678 3234 petalis
695 3167 780 3219 acuto
800 3161 1156 3220 sublimbrialodentatis.

153 3405 171 3441 *
193 3406 211 3441 *
235 3407 342 3467 Floras
358 3407 525 3468 fasciculati
544 3407 641 3466 rarius
658 3413 689 3464 ct
705 3407 840 3464 anomale
857 3405 982 3464 solitarii
999 3405 1078 3465 foliis
1101 3407 1245 3480 supremis
1263 3407 1331 3464 latis

575 3511 717 3569 scariosis
734 3509 921 3569 involucrati.

155 3716 199 3784 D.
225 3697 572 3802 stenocephalus
592 3713 707 3800 (Boiss.
730 3713 844 3800 Diagn.
868 3713 937 3781 Ser.
961 3715 986 3796 l,
1010 3713 1035 3798 l,
1056 3734 1087 3801 p.
1112 3713 1183 3815 l9),
1204 3713 1273 3782 basi
1294 3713 1389 3782 indu·

116 3814 217 3882 ratus,
246 3803 391 3870 caulibus
419 3803 534 3870 erectis
561 3802 651 3869 elatis
679 3801 879 3890 simplicibus
900 3803 960 3868 sub
980 3803 1063 3869 lente
1090 3803 1274 3890 pruinosiS,
1304 3802 1389 3870 loliis

115 3891 265 3978 elongatis
285 3901 418 3977 anguste
439 3890 617 3958 linearibus
636 3889 737 3956 acutis
757 3889 920 3956 trinerviis
947 3890 1123 3973 scabridis,
1154 3889 1269 3977 vagina
1289 3890 1389 3958 caulis

115 3977 209 4044 diam.
232 3979 326 4067 triplo
346 3978 499 4064 longiori,
521 3978 658 4045 lloribus
678 3977 733 4044 1-3
746 3989 833 4044 arcte
846 3977 1053 4062 fasciculatis,
1075 3979 1217 4066 squamis
1238 3978 1388 4045 subsonis

116 4067 292 4135 Stramineis
316 4065 464 4152 oblongis
496 4067 529 4133 in
561 4066 727 4154 cuspidem
758 4065 941 4132 subulalam
972 4069 1111 4156 calycem
1144 4067 1388 4155 subaequantem

116 4155 302 4238 attenuatis,
329 4155 447 4244 calycis
473 4155 590 4242 pallide
618 4153 783 4221 straminei
805 4154 955 4222 dentibus
975 4155 1159 4222 lanceolatis
1180 4155 1385 4235 acuminatis,

118 4239 228 4308 lamina
247 4243 317 4310 alba
336 4243 633 4330 oblongo-cuneata
652 4242 742 4329 apice
763 4242 891 4308 dentata
912 4244 1018 4331 calyce
1039 4244 1220 4331 quadruplo
1246 4241 1387 4310 breviori

124 4339 167 4403 11.
188 4329 227 4396 D.
250 4331 437 4419 mocrolepis
458 4331 553 4397 rena
573 4333 606 4398 in
627 4331 670 4418 pl.
694 4330 823 4396 Kotscb.
847 4351 912 4396 ers.
936 4331 1022 4398 11115
1042 4353 1108 4398 non
1129 4331 1229 4398 Roiss.

160 4437 232 4498 Hab.
251 4441 279 4498 in
297 4439 401 4499 Parsia
420 4439 598 4499 occidentali
618 4433 725 4524 (doch.
745 4455 807 4495 cxs.
832 4433 949 4518 5271),
968 4441 996 4499 in
1014 4442 1136 4515 planitie
1154 4439 1260 4498 Helian
1279 4440 1387 4500 montis

120 4523 277 4589 Kubdattna
293 4529 403 4589 Persia
420 4536 512 4590 anstr.
534 4529 595 4609 (ΚΥ
614 4545 677 4589 exs.
695 4520 807 4608 6891).
