3134 5174
656 307 700 378 55

60 449 152 531 ribus,
176 445 323 535 carpellis
345 447 668 537 plano-compressis
695 445 946 518 suberbieulatis
975 451 1122 538 margine
1147 453 1314 522 bisulcatis

59 536 179 624 undique
196 535 310 604 crebre
329 536 542 605 tuberculatis
561 546 667 606 rostro
680 535 871 605 brevissimo
884 539 1063 608 subuncato
1075 539 1244 629 spiculatis
1260 552 1310 623 Θ.

101 642 167 702 Hah.
193 641 224 700 in
251 639 383 701 humidis
409 640 530 702 (lraeciae
553 645 604 714 (ex
631 639 727 702 Smith
753 642 888 717 Prode),
913 643 1096 706 hlaeedoniae
1114 651 1143 707 et
1167 648 1315 724 Bithyniae

61 730 191 814 lunen),
210 727 302 808 cypri
319 731 360 790 ad
374 731 538 792 Prodremo
551 724 628 817 (Ky.
646 748 709 792 exs.
727 728 809 795 886!
829 736 884 795 sub
898 732 934 795 ll.
952 734 1176 818 trecbpcarpol
1189 737 1235 799 m.
1251 745 1315 800 aest.

2 828 3 910 l
94 834 187 894 llores
203 833 247 892 eis
265 831 300 893 R.
316 834 510 910 pbileaotidia
528 834 617 910 triplo
634 834 776 896 minores.

2 939 3 942 ’
94 931 143 996 Ar.
158 932 280 1012 lisogm
298 936 444 1012 Hispania
460 941 491 997 et
503 937 592 996 Italia
609 937 771 1017 australes,
789 936 893 1000 Africa
904 941 1045 1000 borealis.
1066 949 1071 962 ·

2 1099 3 1170 s
94 1141 399 1228 Rphflonotis
424 1139 684 1228 (heredesve
711 1163 743 1230 p.
767 1139 802 1230 3)
831 1145 938 1229 patule
958 1144 1122 1228 hirsutus,
1156 1145 1240 1212 loliis
1266 1147 1317 1212 in-

2 1237 3 1312 }
59 1229 128 1297 timis
144 1228 263 1296 ambitu
290 1229 412 1308 ovatis,
433 1229 558 1296 caeteris
579 1229 749 1318 tripartitis
769 1231 816 1296 vel
841 1230 980 1300 triseetis
1000 1235 1177 1319 segmentis
1197 1234 1317 1302 inciso-

2 1319 3 1324 ’
57 1317 188 1399 dentatis,
210 1318 324 1405 petalis
351 1317 495 1384 eboratis
518 1318 627 1407 calyce
657 1317 754 1406 duplo
785 1319 1004 1406 longioribus,
1025 1322 1174 1409 carpellis
1205 1324 1317 1410 plano-

56 1406 228 1494 eompressis
260 1405 510 1473 suberbiculatis
534 1406 681 1492 margine
719 1417 856 1490 angusto
888 1407 1047 1476 bisulcato
1082 1409 1196 1477 cinctis
1227 1411 1317 1480 disco

2 1507 3 1514 ’
54 1494 238 1562 comentrico
258 1494 346 1562 circa
372 1494 554 1580 marginem
583 1495 793 1563 tuberculatis
813 1496 920 1564 rarius
948 1496 1081 1565 laevibus
1108 1509 1214 1566 rostro
1242 1499 1317 1567 bre-

54 1583 165 1650 sissimo
189 1583 343 1650 inclinato
363 1581 534 1671 spiculatis
556 1591 608 1664 Θ.
635 1583 675 1651 R.
702 1581 852 1652 hirsutus
876 1585 939 1652 Ait.
963 1585 1066 1652 Rchb.
1091 1586 1145 1672 fig.
1169 1585 1269 1655 hort.

92 1691 159 1750 Hah.
178 1691 209 1749 in
225 1689 354 1750 humidis
372 1687 512 1751 Graeciaet
532 1690 669 1751 Thracia
683 1697 712 1752 et
728 1687 874 1766 Bithyniae
899 1691 1020 1772 (Gaiseb
1031 1695 1061 1771 ἔ),
1080 1693 1264 1770 Pamphyliae
1279 1695 1318 1756 ad
1383 1739 1387 1746 -

54 1780 147 1839 adalia
163 1779 324 1858 (Bourgt),
345 1780 465 1840 Tauria
492 1778 567 1858 (ΜΒ.
586 1781 693 1842 Boeber
710 1782 739 1841 in
761 1779 846 1842 herb.
872 1782 976 1844 Willd.
1003 1785 1059 1846 sub
1074 1783 1109 1848 R.
1125 1782 1316 1870 pygmaei),

54 1868 133 1946 Syria
148 1871 224 1929 inter
238 1871 357 1945 Aleppo
375 1874 405 1928 et
422 1869 532 1931 dintab
549 1869 748 1949 (Haussknt).
768 1871 814 1930 m.
832 1877 896 1932 est.

89 1967 140 2031 m.
162 1967 288 2047 (leuge.
307 1969 428 2060 Europa
443 1975 515 2030 teta.
533 1970 636 2032 Alriea
651 1971 790 2032 borealis.

89 2178 130 2245 R
152 2177 440 2264 mmulnatus
460 2174 549 2263 (Urv.
571 2175 687 2242 Enum.
711 2195 742 2262 p.
765 2174 822 2264 bh)
842 2178 950 2264 patule
973 2175 1123 2261 villosus,
1156 2179 1241 2248 soliis
1267 2182 1318 2249 in-

54 2265 211 2333 ferioribus
231 2263 420 2333 orbiculatis
441 2263 611 2353 tripartitis
630 2273 662 2332 et
691 2263 829 2332 trisectis
853 2266 1029 2348 segmentis
1053 2267 1249 2354 petiolulatis
1268 2291 1319 2338 ro

53 2354 178 2422 undulis
197 2354 312 2420 obtuse
333 2351 473 2419 crenatis
495 2351 633 2420 cardinis
652 2352 823 2441 tripartitis
842 2347 968 2422 laciniis
987 2355 1182 2438 linearibus,
1205 2359 1318 2445 petalis

53 2443 181 2510 eboratis
208 2443 317 2532 calyce
340 2441 438 2541 duplo
467 2440 689 2528 longioribus,
711 2440 860 2530 carpellis
890 2441 990 2510 ovatis
1011 2444 1144 2512 laevibus
1169 2448 1318 2534 mar-gine

53 2543 171 2618 anguste
191 2531 349 2598 bisulcato
368 2529 483 2597 ornetis
502 2529 535 2596 in
549 2541 690 2597 rostrum
710 2530 923 2598 lanceolatum
942 2531 1175 2600 subincurvum
1196 2535 1242 2603 eis
1266 2537 1317 2603 di-

55 2619 140 2687 midio
159 2619 289 2688 brevius
308 2618 503 2686 abeuntibus
526 2627 577 2699 Θ.
600 2619 639 2685 ll.
662 2619 832 2686 leiodiscas
859 2617 958 2686 Boias.
986 2631 1018 2687 et
1041 2621 1137 2688 Huet.
1167 2623 1240 2692 nss.
1275 2625 1314 2692 ll.

55 2709 354 2798 traebycorpcseor.
377 2708 548 2774 mediceae
567 2705 667 2774 Boiss.
689 2705 802 2794 Diagn.
825 2706 894 2776 Ser.
917 2708 959 2790 ll,
979 2708 1017 2793 V,
1038 2729 1071 2798 p.
1095 2707 1127 2777 9.

89 2817 160 2878 Hah.
178 2818 208 2876 iu
226 2816 314 2878 cultis
324 2815 453 2874 humidis
468 2815 547 2876 circa
559 2815 779 2892 Trapezuntem
795 2815 885 2894 (Urvi
903 2811 1012 2896 Huetl)
1024 2861 1032 2894 ,
1046 2834 1141 2893 prope
1154 2817 1318 2880 Gumusch·

54 2905 137 2966 khaud
154 2902 309 2988 [Bourgll.
329 2903 376 2965 ΡΙ.
399 2909 463 2965 aest.

90 3007 184 3068 Herba
199 3013 230 3067 et
244 3006 333 3065 flores
349 3005 383 3066 ll.
398 3005 592 3082 plilonotc'da'a
607 3006 660 3063 sed
680 3005 812 3080 carpella
824 3011 921 3065 rostro
937 3007 1046 3066 lineam
1057 3005 1209 3067 dimidiam
1224 3010 1316 3085 longo

56 3099 215 3176 taminats3
235 3116 253 3155 a
274 3095 308 3156 ll.
325 3097 516 3172 trocbpcorpo
534 3095 581 3155 cui
599 3095 694 3170 magis
711 3095 809 3154 altinis
825 3095 1000 3156 indumento
1017 3098 1118 3172 patulo
1137 3103 1167 3157 et
1179 3101 1319 3174 carpellis

55 3189 163 3249 laribus
179 3187 300 3263 longius
316 3187 453 3246 rostratis
471 3185 637 3245 distinctus.

89 3393 130 3460 R
154 3389 483 3477 brachycarpus
504 3389 554 3477 (F.
579 3389 668 3456 othl.
707 3389 776 3455 lnd.
806 3389 860 3456 lll.
892 3389 1019 3478 Petrop.
1054 3411 1084 3478 p.
1113 3389 1178 3480 to)
1205 3391 1318 3479 glaber

56 3479 93 3547 rel
108 3477 364 3568 adpressiuscule
384 3477 503 3561 hirtuS,
524 3477 608 3545 soliis
628 3477 823 3546 radicalibus
835 3477 1022 3546 orbiculatis
1035 3480 1173 3546 crenatis
1194 3480 1318 3549 trilobis

58 3566 297 3656 campanilis,
324 3566 449 3634 caeteris
476 3565 614 3633 trisec'tis
640 3565 816 3650 segmentis
847 3566 1011 3651 dissectis,
1037 3567 1150 3656 petalis
1174 3569 1318 3638 obovatis

57 3658 146 3746 calyce
166 3656 261 3724 tertia
279 3665 371 3744 parte
382 3654 599 3741 longioribus,
620 3654 769 3742 carpellis
788 3656 1097 3744 plano-compressis
1109 3657 1210 3725 oratis
1231 3679 1318 3725 mar-

57 3744 114 3828 gine
132 3760 273 3832 angusto
295 3743 453 3811 bisulcato
472 3743 585 3812 cinctis
605 3753 671 3812 toto
697 3743 786 3811 disco
812 3743 1021 3812 tuberculatis
1053 3755 1159 3813 rostro
1189 3747 1318 3814 lanceo-

58 3833 106 3900 lato
124 3833 221 3922 triplo
240 3831 381 3900 breviori
402 3831 596 3900 rectiuseulo
617 3831 797 3899 terminatis
819 3841 870 3912 Θ.

89 3941 165 4002 Hah.
188 3943 219 4000 in
236 3939 365 3999 humidis
382 3935 505 3999 Graeciae
532 3955 626 4013 prope
649 3937 810 4012 Naupliam
827 3936 938 4016 (Spmu
951 3939 980 4014 l),
999 3957 1084 4014 prov.
1117 3940 1251 4016 Talyseh
1279 3941 1320 4001 ad

58 4027 202 4090 leukoran
229 4030 268 4089 ad
296 4046 377 4087 mare
400 4025 540 4103 Caspium
564 4027 614 4104 (Α.
631 4019 718 4102 May!
745 4027 851 4103 Hohl),
870 4027 966 4103 Syrio
981 4029 1020 4089 ad
1038 4029 1174 4105 Tripolin
1193 4027 1269 4113 (ΒΗ)
1290 4036 1321 4091 et

59 4119 272 4196 indutilihano,
293 4117 451 4178 Palestinae
466 4118 505 4176 ad
522 4116 626 4176 Kerek
645 4116 779 4196 (Rothi).

90 4212 472 4318 accumularemus
497 4213 608 4281 omnia
637 4213 671 4280 in
697 4213 831 4282 lacinias
858 4224 994 4301 anguste
1021 4214 1161 4284 lineares
1188 4217 1319 4284 decom-

59 4317 161 4476 Ἢ.
179 4413 209 4473 in
228 4411 335 4473 cilicis
352 4410 390 4469 ad
402 4408 531 4470 Marsina
550 4407 620 4490 (Ky.
637 4426 698 4468 eus.
715 4405 804 4472 1859
820 4409 925 4486 Suppl.
950 4407 1056 4486 5001)
1078 4413 1321 4474 Palestindeireh

60 4499 192 4564 Bethleem
211 4509 242 4563 et
257 4501 392 4562 Askalen
411 4499 479 4582 [ΚΥ.
497 4517 561 4560 exs.
582 4495 679 4562 1855.
703 4489 786 4563 425!
809 4509 839 4560 et
856 4496 960 4576 tasi)
