3150 5174
877 345 941 414 tet

317 489 471 564 Bipedale,
493 487 564 548 folia
581 489 678 549 media
696 490 835 565 pollicem
850 489 940 564 longa
964 489 1172 564 sesquilibram
1189 489 1273 561 lata,¹
1284 488 1371 549 flores
1388 489 1430 548 eis
1445 490 1476 550 Ε.
1491 509 1535 550 ra

269 581 363 656 pandi
382 581 519 654 minores,
537 579 686 656 glandula
703 580 832 653 placent.
854 579 971 654 bilobae,
991 581 1124 638 orarium
1143 581 1233 638 breve
1250 581 1399 638 strictum.
1424 579 1536 654 Species

273 671 349 728 male
366 675 438 728 nota
453 669 506 728 sed
522 669 644 728 floribus
663 669 850 744 pedicellatis
868 669 957 744 longe
973 670 1135 728 racemosis
1152 669 1368 742 dignoscenda.

434 894 457 972 †
479 893 503 972 †
526 894 745 955 Heterotricba.
758 927 801 939 -
819 895 875 953 Pili
892 895 1026 970 bipartiti
1043 901 1073 952 et
1090 893 1273 969 pluripartiti
1291 893 1384 951 mixti.

314 1114 356 1181 Ε.
378 1113 600 1182 Creticum
621 1112 736 1194 (Boias.
760 1111 871 1200 Diagn.
894 1112 962 1180 Ser.
988 1113 1028 1195 ll,
1051 1113 1076 1196 l,
1098 1135 1128 1202 p.
1153 1112 1207 1200 id)
1234 1132 1428 1194 canescens,
1453 1115 1536 1179 caule

270 1223 379 1268 crasso
410 1202 545 1283 sulcato,
577 1199 661 1268 loliis
687 1203 749 1267 late
775 1201 953 1270 linearibus
977 1201 1112 1290 integris
1131 1203 1178 1268 vel
1200 1211 1322 1268 remote
1343 1199 1536 1267 denticulatis

270 1289 489 1357 canaliculatis
513 1309 598 1376 saepe
626 1289 781 1370 recurris,
816 1289 952 1357 tionibus
982 1289 1182 1378 majusculis,
1216 1289 1343 1378 siliquis
1374 1289 1456 1378 pube
1484 1287 1537 1356 3-5

270 1378 387 1532 Bartita
416 1376 663 1445 canescentibus
693 1376 797 1464 longis
827 1378 942 1445 obtuse
974 1377 1355 1534 tetragono-compressis
1391 1376 1536 1466 pedicello

294 1466 359 1532 reri
379 1487 488 1534 crasso
508 1466 617 1554 patulo
637 1465 788 1547 suffultis,
810 1466 959 1553 stigmate
980 1467 1084 1534 sessii
1104 1465 1242 1556 capitato
1261 1468 1316 1552 0.

315 1571 391 1631 Hab.
409 1571 439 1628 in
455 1572 570 1630 saxosis
586 1571 625 1628 ad
638 1569 829 1645 Gontoponra
846 1587 930 1646 prov.
948 1571 1128 1646 Apoeorona
1150 1572 1245 1633 (treta
1272 1570 1389 1648 (Heldr.
1412 1587 1472 1630 exa.
1489 1571 1537 1632 sab

272 1662 306 1721 Ε.
324 1659 451 1722 australi
469 1677 505 1718 ex
523 1659 648 1738 pariet).

314 1761 468 1836 Bipedals,
487 1759 602 1834 sitique
616 1755 802 1839 (immaturae)
821 1757 1020 1836 tripollicares
1039 1766 1171 1836 angusta
1189 1760 1285 1820 valvis
1309 1759 1444 1820 obsoleta
1464 1759 1537 1818 cari·

271 1852 349 1911 natis
367 1851 450 1925 replo
478 1850 615 1924 utrinque
638 1849 699 1908 lato
720 1848 843 1926 obtus03
862 1849 950 1909 flores
974 1851 1062 1924 paulo
1079 1851 1209 1926 majores
1233 1850 1278 1908 eis
1306 1849 1344 1909 Ε.
1365 1850 1536 1910 commatis

271 1940 380 2017 siliqua
396 1943 482 2000 acute
498 1941 656 2015 tetragona
673 1939 815 1998 distincti.

316 2174 359 2242 E.
372 2173 594 2242 Ibericum
607 2170 739 2258 (lidems
752 2171 784 2238 in
793 2171 858 2238 ΜΒ.
870 2173 966 2238 Taur.
977 2172 1073 2240 Cane.
1084 2172 1125 2252 ll,
1139 2193 1171 2262 p.
1183 2165 1247 2238 lid
1259 2171 1320 2239 sub
1332 2169 1535 2259 Cleea'rautlto)

215 2327 224 2340 ,
271 2259 390 2343 virens,
416 2261 507 2328 caule
533 2279 641 2326 crasso
661 2261 782 2326 sulcato
802 2260 902 2328 dense
917 2259 1031 2328 lolioso
1055 2259 1194 2348 simplici
1219 2261 1267 2326 vel
1288 2260 1398 2327 stricte
1419 2279 1538 2326 ramoso

271 2348 356 2502 qiube
376 2348 528 2436 bipartita
548 2347 684 2448 sparsim
705 2347 822 2429 obsite,
845 2349 928 2416 loliis
946 2349 1032 2448 pube
1051 2347 1107 2416 aa
1126 2349 1243 2437 partita
1263 2347 1376 2415 obsitis
1396 2348 1539 2433 oblongo

283 2435 456 2504 anceolatis
475 2435 594 2502 strictis
614 2434 793 2503 runcinatis
805 2437 854 2503 vel
866 2437 1084 2519 denticulatis,
1105 2437 1242 2506 lloribus
1260 2436 1400 2522 magnis
1423 2435 1538 2524 siliquis

271 2525 428 2613 pedicello
451 2523 653 2610 longiusculo
681 2523 819 2592 suffultis
846 2525 1102 2614 subcompressis
1132 2537 1224 2592 acute
1255 2523 1434 2611 tetragonis
1463 2523 1538 2612 pube

272 2617 412 2694 ramosa,
434 2610 583 2699 stigmate
595 2611 795 2678 divaricatim
808 2612 917 2680 bilobo
938 2615 990 2700 0.
1017 2611 1237 2681 Glaeiraatlaus
1248 2613 1465 2680 Armeniacus
1478 2611 1537 2678 Bot.

272 2701 354 2787 Mag.
376 2701 441 2768 tab.
457 2697 541 2767 835!
562 2699 604 2764 Ε.
627 2699 859 2768 Armeniacum
877 2701 907 2768 J.
930 2701 996 2790 Gay
1016 2703 1076 2768 loc.
1098 2701 1152 2768 cit.

317 2808 394 2869 Hab.
420 2809 450 2866 in
473 2807 595 2882 regione
615 2807 717 2882 alpina
738 2807 881 2881 Caucasi,
903 2827 989 2868 mons
1016 2808 1185 2870 Kaischaur
1213 2813 1243 2868 et
1266 2807 1360 2882 Alpes
1389 2807 1538 2868 Kabensas

273 2891 352 2979 (ΜΒ.
366 2895 447 2957 Stev.
464 2898 496 2956 in
511 2915 561 2958 oo.
585 2895 674 2957 herb!
693 2896 849 2958 Muscbkin
868 2899 898 2958 in
917 2897 1021 2958 Willd.
1039 2897 1130 2958 herb!
1144 2897 1168 2977 ).

316 2999 438 3074 Species
454 2999 576 3058 floribus
594 2999 708 3073 magnis
725 2998 788 3059 fere
810 3000 865 3061 et.
886 3001 980 3061 cteiri
996 3005 1026 3060 et
1046 3001 1185 3075 stigmate
1203 2999 1351 3075 profunde
1368 3001 1471 3062 bilobo
1489 3014 1533 3056 no·

271 3089 381 3166 tabilis,
398 3089 437 3149 ob
453 3089 590 3164 siliquam
604 3095 690 3148 acute
707 3093 894 3164 tetragonam
912 3091 946 3151 Ε.
963 3091 1080 3150 admoto
1100 3096 1130 3150 et
1146 3090 1282 3150 affinibus
1300 3107 1420 3166 quoque
1437 3087 1533 3149 asinis.

271 3178 371 3237 Cauiis
394 3178 510 3253 pedalis
538 3178 584 3236 vel
608 3178 834 3253 sesquipedalis.
859 3181 972 3257 Siliqua
1000 3186 1115 3239 matura
1137 3197 1240 3238 crassa
1264 3173 1396 3260 5724
1421 3179 1534 3256 pollices

269 3269 360 3343 longa
386 3268 504 3342 angulis
531 3267 804 3346 glabrescentibus,
833 3271 946 3328 semina
976 3271 1107 3344 oblonga
1134 3273 1248 3342 aptera.
1274 3301 1320 3312 —
1338 3269 1375 3329 E.
1397 3270 1536 3330 Ibericum

268 3357 366 3416 Boias.
385 3362 415 3416 et
432 3356 531 3416 Buhse
549 3356 634 3417 Aula.
653 3375 681 3432 p.
698 3354 744 3418 24
761 3359 846 3433 lapsu
863 3359 969 3418 calami
988 3357 1085 3430 astla
1101 3358 1264 3434 repandum
1283 3358 1319 3418 L.

649 3567 668 3603 ⁴²
690 3567 708 3602 ⁴*
732 3565 845 3644 Siliqua
866 3575 971 3629 exacto
994 3573 1161 3643 tetragona.

572 3731 593 3802 †
616 3729 819 3790 Homotricha.
837 3763 883 3776 —
900 3729 957 3788 Pili
974 3747 1077 3790 omnes
1094 3727 1239 3804 bipartiti.

307 3903 351 3970 Ε.
372 3901 564 3983 Remini,
585 3899 705 3980 virens,
727 3901 818 3967 caule
845 3898 1129 3988 angulata-striato
1154 3899 1264 3965 stricte
1290 3917 1433 3980 ramoso,
1458 3896 1532 3964 loliis

263 3989 365 4058 acutis
385 3989 580 4056 radicalibus
599 3988 944 4073 oblongo-lanceolatis
964 3986 1170 4054 denticulatis
1189 3985 1317 4053 caeteris
1342 3997 1476 4072 auguste
1498 3984 1531 4048 li-

263 4077 417 4145 nearibus
445 4076 592 4164 integris,
625 4075 760 4142 lloribus
786 4075 984 4165 majusculis,
1018 4073 1144 4162 siliquis
1166 4073 1293 4142 incenis
1312 4075 1469 4161 pedicello
1486 4072 1531 4138 in-

263 4175 406 4233 crassato
429 4165 519 4232 brevi
539 4163 677 4231 suffultis
697 4162 747 4230 axi
767 4164 928 4253 adpressis
946 4163 1101 4230 brevibus
1121 4161 1229 4229 abasi
1253 4161 1293 4228 ad
1318 4162 1442 4249 apicem
1460 4169 1531 4228 atte-

263 4254 371 4320 nuatis
391 4252 424 4319 in
443 4255 559 4342 stylum
578 4251 658 4318 latit.
680 4249 900 4340 aequilougum
920 4251 1133 4332 abeuntibus,
1162 4249 1311 4336 stigmate
1331 4250 1467 4338 capitato
1485 4265 1530 4314 re·

263 4352 338 4409 tuso
358 4342 412 4426 Θ.

310 4447 385 4506 Hab.
404 4445 434 4503 in
451 4445 636 4520 rupestribus
652 4444 691 4503 ad
709 4442 902 4519 Gontopoura
916 4461 1002 4520 pror.
1020 4445 1206 4519 Apocorona
1223 4441 1319 4502 Oratae
1343 4439 1455 4524 (Heldr.
1473 4453 1529 4497 ens.

263 4537 319 4595 sub
337 4534 370 4594 Ε.
384 4534 511 4594 australi
528 4553 564 4594 ex
583 4539 667 4608 parte
679 4525 716 4611 i),
735 4535 766 4594 ia
785 4533 933 4600 montibus
949 4530 1145 4610 Sphacioticis
1162 4531 1283 4610 (Baulis
1297 4531 1338 4605 l).
