3150 5166
214 861 493 1046 nuum
551 779 1101 1029 'cuinullum

251 1933 256 1940 ·
347 1871 574 1995 intutu
628 1870 976 1994 instillant

280 2169 462 2274 citus.
495 2171 524 2272 l.
575 2167 1048 2273 ultutlttuttltn

372 2427 529 2504 Sulclass.
552 2427 871 2504 winimundus.
897 2427 956 2506 uc.

3 2609 5 2670 1
73 2647 171 2716 Patala
188 2648 338 2718 distincta
356 2649 559 2738 staminaque
586 2648 726 2717 thalamo
753 2648 876 2716 inserta
895 2649 1067 2739 hypogyna
1087 2672 1106 2719 a
1126 2652 1237 2741 calyce
1257 2651 1297 2718 li-

3 2773 4 2780 *
41 2735 115 2805 hera.
135 2737 285 2806 Ouarium
304 2739 446 2807 liberum
466 2737 660 2829 (superum).

73 2859 146 2919 Inter
166 2858 396 2937 Thalamiflorus
420 2864 558 2920 auctores
581 2858 682 2934 plures
706 2851 972 2919 secutus'ordines
997 2864 1155 2936 sequentes
1180 2859 1295 2935 Oalyci-

40 2945 108 3008 duris
129 2951 467 3026 sapiusadnumeratcs
485 2949 633 3012 recensui.
658 2943 692 3006 1ο
710 2947 920 3028 Parecuclcicc
941 2950 1076 3026 quamvis
1098 2951 1206 3026 petalis
1232 2968 1298 3010 cum

42 3038 125 3113 calyce
141 3040 257 3100 coalitis
273 3045 303 3101 et
320 3041 495 3101 staminibus
507 3038 662 3116 perigynis
674 3055 754 3114 saepe
768 3039 884 3100 donata
900 3039 1119 3114 placentaticne
1132 3043 1162 3098 et
1176 3039 1296 3100 charac-
1407 3072 1408 3075 ¹

42 3129 133 3190 teribus
148 3131 185 3191 alr
197 3129 329 3191 Alsineis
345 3149 404 3192 non
421 3129 596 3206 separandae
612 3133 698 3207 sunt3
716 3129 746 3186 in
763 3129 913 3189 nonnullis
932 3127 1063 3188 Alsineis
1081 3130 1238 3189 staminum
1255 3131 1297 3190 ia·

42 3219 114 3278 certic
133 3237 249 3298 quoqne
271 3223 420 3298 perigyna
441 3224 496 3286 est.
518 3216 555 3279 2⁰
578 3219 758 3281 Portclccecc
780 3220 931 3296 pleraeque
948 3219 1056 3294 petalis
1075 3224 1104 3279 ct
1122 3219 1297 3282 staminibus

41 3303 187 3385 hypogynis
203 3311 336 3388 gandent
351 3311 487 3388 quamvis
512 3310 542 3369 in
560 3326 671 3388 genere
688 3309 848 3370 Portulacd
864 3309 998 3369 orarium
1014 3309 1231 3369 semiadnatum
1249 3311 1297 3370 sit.

42 3393 269 3478 cucumim
283 3401 434 3462 Ficoideis
450 3404 481 3460 et
497 3399 743 3460 Amaranthaceis
761 3399 866 3458 aflines
887 3403 985 3458 tamen
1009 3399 1124 3460 dnobus
1144 3399 1298 3459 ordinibus

43 3489 256 3560 precedentibus
272 3491 374 3552 habitu
388 3495 419 3550 et
432 3489 553 3550 seminis
570 3490 687 3551 fabricat
704 3489 799 3565 magis
817 3489 960 3565 proximae
975 3488 1124 3552 videntur.
1141 3485 1178 3550 4⁰
1193 3489 1299 3551 Tama-

42 3576 153 3641 n'ta'sec
171 3581 291 3642 tandem
315 3580 449 3658 quamvis
471 3579 593 3641 insertio
615 3579 762 3656 perigyna
778 3580 817 3639 sit
837 3597 856 3639 a
871 3577 1105 3641 Frankeniaecis
1123 3584 1153 3640 et
1169 3579 1298 3656 Hyperi-

43 3666 114 3729 ciucis
129 3689 188 3732 nun
206 3671 396 3734 removenda
413 3675 491 3732 sunt.

115 3957 119 3964 .
199 3891 322 3969 0111).
347 3895 379 3970 l.
404 3891 865 3970 BANUNGULAGEAE.
891 3893 997 3969 sues.
1023 3887 1118 3965 251.

75 4073 173 4146 llurcs
192 4079 360 4168 regulares
378 4079 428 4147 vel
446 4079 656 4168 irregulares.
678 4077 772 4168 Galyn
791 4077 812 4145 5
832 4077 938 4146 rarius
957 4075 1018 4148 3-6
1039 4077 1166 4164 sepalus
1180 4075 1299 4163 sepalis

46 4164 139 4264 mpius
156 4167 358 4256 petaloidcis.
380 4167 487 4236 Patala
513 4169 630 4324 segalis
649 4167 767 4257 saepius
786 4187 925 4236 numero
949 4165 1086 4254 aequalia
1113 4183 1199 4265 saepe
1220 4184 1299 4232 nec-

3 4291 5 4328 ,
46 4253 199 4325 unlnnuia
228 4257 393 4326 interdum
418 4257 518 4325 nulla.
570 4255 691 4325 lamina
715 4257 889 4346 hypogyna
912 4255 1016 4323 libera
1041 4253 1212 4321 indefinita
1239 4273 1299 4320 an-

3 4331 5 4436 Ι
45 4337 121 4411 lhen's
137 4345 265 4416 adunus
282 4347 367 4414 rima
385 4345 516 4434 duplici.
538 4345 684 4435 Carpclla
702 4345 819 4434 sepalis
832 4365 970 4413 numero
983 4341 1122 4444 aequalia
1133 4343 1184 4410 vcl
1203 4340 1296 4408 inde-

46 4425 126 4515 triu,
144 4433 247 4502 libera
265 4417 317 4502 vei
336 4435 549 4520 subccnnata,
570 4433 798 4519 unilccularia,
819 4435 901 4524 stylo
922 4431 1061 4521 simplici
1080 4433 1131 4498 vel
1151 4429 1301 4516 stigmate

3 4555 5 4602 ε
47 4519 125 4588 scssili
140 4532 307 4612 superata.
328 4522 427 4591 Ovula
445 4532 700 4613 analrcpanunc
719 4522 862 4592 solitaria
882 4519 1090 4591 ascendentia
1109 4519 1211 4610 raphe
1227 4539 1302 4586 ven·

1122 4659 1134 4712 ,

3 3825 4 3832 r

3 3833 5 3844 t

3 3857 5 3866 t

3 3867 4 3874 1
