3228 5204
559 291 563 299 “
680 345 745 414 775

70 483 342 557 ampleximulibos
360 487 389 541 et
405 483 526 542 ramulis
545 483 583 542 ob
596 482 668 541 lolia
680 482 825 555 adpressa
836 479 964 540 tenuiter
979 479 1159 555 cylindricis.
1181 479 1209 540 Τ.
1223 477 1354 543 Arabico

69 572 135 648 Bge
154 572 174 631 l.
196 573 248 633 cit.
278 590 314 631 ex
330 572 444 631 Arabia
469 571 551 632 felici
577 579 606 630 et
627 572 694 629 ideo
720 569 748 628 in
767 575 897 628 nostram
914 569 1033 629 Floram
1052 587 1110 630 non
1126 576 1248 646 recepta
1264 571 1355 632 babet

70 679 194 738 quoquc
212 662 285 723 folia
302 661 530 737 amplexicaulia
545 655 597 721 sed
620 661 715 736 magis
732 661 835 736 patula
853 669 882 719 et
897 665 1043 735 praeterea
1058 660 1217 720 filamentis
1232 661 1354 721 sinubus

69 751 198 810 alternis
214 753 288 812 disci
305 749 349 814 lo
366 751 479 812 erenaei
496 751 615 812 insertis
634 757 681 811 sat
698 751 816 810 differre
833 750 959 810 videtur.

320 986 339 1021 ὓ
362 985 380 1022 ⁴*
402 987 487 1046 Folia
504 988 807 1063 semiamplexicaolia
825 989 871 1046 vel
888 989 954 1049 basi
971 989 1104 1048 cordata.

114 1145 158 1211 T.
181 1145 496 1216 arceuthoides
517 1147 594 1234 (Bge
615 1147 646 1213 in
666 1147 778 1214 Lebm.
794 1146 922 1234 n⁰lv9bl
943 1147 1054 1235 glabra
1074 1148 1198 1231 viridis,
1221 1149 1354 1217 ramulis

72 1232 258 1299 hornotinis
279 1233 391 1320 rigidis
411 1233 578 1318 tortuosis,
600 1235 683 1302 soliis
704 1235 1072 1324 semiamplexicaulibus
1091 1236 1234 1305 breviter
1254 1238 1354 1305 ovalis

70 1321 175 1388 acutis
196 1321 581 1410 imbricato-adpressis‚
611 1324 748 1392 racemis
774 1324 969 1392 abbreviatis
989 1324 1099 1392 densis
1118 1326 1151 1392 in
1171 1327 1354 1414 paniculam

70 1409 272 1476 bracteatum
292 1410 466 1498 congestis,
487 1412 626 1480 bracteis
646 1433 663 1479 e
683 1413 752 1480 basi
773 1418 865 1480 ovata
884 1413 1041 1482 subulatis
1060 1413 1233 1501 pedicellos
1246 1417 1353 1504 calyce

69 1498 173 1563 multo
205 1497 370 1566 breviores
408 1500 693 1589 subsequentibus,
733 1502 846 1589 petalis
877 1501 1044 1590 ellipticis,
1084 1501 1164 1570 disci
1216 1503 1353 1570 rolunde

71 1585 285 1686 quinquelobi
312 1587 395 1654 lobis
414 1590 514 1656 ovatis
545 1589 727 1658 rotundatis
753 1589 890 1658 sinubus
909 1589 1073 1657 filamenta
1101 1591 1169 1657 basi
1189 1524 1354 1659 biliormia

71 1674 322 1762 excipientibus,
342 1676 486 1745 antberis
506 1677 649 1762 muticis,
670 1678 761 1768 stylis
780 1677 800 1746 3
821 1678 966 1746 obovatis
986 1679 1180 1747 abbreviatis
1198 1689 1229 1760 5.

113 1784 192 1846 Hsb.
211 1803 298 1844 secus
314 1785 434 1845 fluvium
453 1785 632 1848 Sarafscban
647 1789 684 1846 ad
701 1793 830 1848 montom
842 1787 976 1848 Karatrm
989 1787 1197 1848 Turbestaniaa
1207 1786 1351 1864 (Lehmll.

113 1887 225 1947 Facies
245 1887 273 1948 T.
292 1887 421 1951 uuum
436 1891 490 1950 sed
507 1895 614 1966 prater
630 1891 730 1967 petala
747 1891 874 1952 decidua
892 1891 967 1951 disci
984 1890 1177 1951 conformatio
1196 1892 1304 1951 allona.

110 2123 153 2190 Τ.
174 2123 368 2192 Nilotica
395 2122 550 2209 (Ebrenb.
578 2121 694 2190 Sebed.
724 2121 822 2189 Herb.
853 2119 980 2204 Berol.‚
1002 2121 1065 2210 Bge
1086 2125 1106 2190 l.
1135 2123 1205 2208 cit.)
1224 2125 1348 2212 glabra,

70 2212 278 2296 glaucescens
297 2211 345 2277 vel
365 2211 488 2294 viridis,
510 2211 595 2280 loliis
613 2209 981 2298 semiamplexicaulibus
1001 2211 1102 2280 ovatis
1114 2213 1159 2280 vel
1174 2213 1351 2280 deltoideo-

70 2297 211 2366 cordatis
230 2299 333 2365 acutis
354 2311 487 2367 erecto·
500 2299 636 2388 patulis,
659 2299 797 2367 racemis
816 2298 921 2384 longis
941 2299 1133 2387 paniculatis
1153 2301 1348 2384 leviusculis,

70 2387 209 2454 bracteis
228 2387 402 2474 pedicellos
421 2389 529 2477 calyce
549 2389 714 2457 breviores
733 2387 982 2476 superantibus,
1008 2389 1121 2542 petalis
1141 2389 1350 2457 obovatoob-
1435 2397 1438 2404 '

70 2475 192 2559 longis,
214 2475 387 2544 filamentis
407 2476 475 2544 basi
496 2477 639 2544 filiformi
659 2477 739 2544 disci
759 2476 990 2565 subaequaliter
1032 2475 1194 2545 Ocrenati
1214 2478 1350 2546 sinubus

72 2564 339 2651 profundioribus
365 2565 514 2649 insertis,
542 2566 687 2636 antheris
706 2565 846 2633 cordatis
873 2563 1059 2652 apiculatis,
1076 2565 1178 2654 'stylis
1197 2566 1350 2635 obovato-

72 2652 219 2739 oblongis
239 2653 374 2722 dimidio
394 2655 504 2722 ovario
524 2655 727 2723 brevioribus
747 2669 778 2735 ὅ.
806 2654 840 2721 Τ.
857 2653 983 2722 Gallico
1000 2674 1065 2720 var.
1082 2654 1223 2722 Nilotica
1236 2667 1266 2722 et
1279 2677 1346 2723 var.

73 2739 296 2829 beteroplrpllc
314 2741 390 2810 Elrr.
413 2745 475 2810 loc.
498 2744 551 2812 eil.
574 2766 607 2833 p.
629 2743 694 2812 doe
714 2754 745 2812 et
765 2740 841 2813 ald.

115 2845 191 2907 Hab.
213 2847 244 2905 in
262 2847 397 2923 AEgypto
416 2849 515 2908 media
531 2851 569 2909 ad
586 2848 680 2910 Gizeh
693 2855 723 2909 et
741 2846 887 2908 Farschut
900 2841 1019 2934 (burt),
1035 2849 1073 2908 ad
1091 2849 1255 2909 Benisouof
1264 2847 1348 2931 (Kra-

71 2934 147 3010 lilsl),
165 2939 204 2998 ad
222 2937 333 2996 Minleb
348 2938 488 3014 (Samarra
499 2936 531 3016 l),
552 2941 581 2998 in
595 2939 728 3017 AEgypto
746 2937 892 3015 superiori
910 2955 1004 3013 propa
1020 2937 1147 3011 Syenem
1164 2936 1298 3021 (Ebrcnb
1312 2942 1344 3015 l).

114 3035 220 3098 Facies
241 3037 269 3098 Τ.
291 3035 414 3101 Gallico·
430 3059 448 3098 a
464 3043 523 3117 qud
540 3041 638 3100 differt
656 3040 731 3099 disci
748 3039 981 3102 conformatione
995 3046 1024 3099 et
1035 3040 1192 3100 filamsntis
1206 3041 1271 3102 basi
1285 3059 1344 3101 non

74 3125 210 3187 dilatatis.
231 3129 335 3188 Petala
354 3123 412 3212 ⁷1„
431 3131 484 3190 lin.
504 3131 602 3208 longa,
622 3131 745 3206 capsula
761 3133 812 3189 vix
828 3127 850 3191 2
867 3131 960 3190 lineas
979 3129 1079 3206 longa.

115 3223 171 3287 Ar.
196 3226 318 3306 Googr.
343 3228 452 3308 Nabla,
471 3229 643 3306 Abyssinia.

113 3463 153 3531 Τ.
174 3468 396 3537 maniiera
414 3467 569 3554 (Ehrenb.
591 3467 704 3534 Sched.
727 3467 820 3533 herb.
843 3465 963 3546 Berol.‚
986 3465 1096 3551 Bunge
1115 3465 1135 3529 Ι.
1158 3462 1211 3530 cit.
1234 3485 1265 3550 p.
1288 3462 1344 3550 63)

74 3552 184 3638 glauca
202 3555 315 3642 glabra
335 3557 383 3622 vel
403 3557 750 3643 albo-pulverulenta,
778 3554 877 3622 ramis
897 3551 1065 3636 rigidulis,
1091 3551 1176 3620 loliis
1195 3552 1347 3618 semiam-

74 3641 302 3726 ploxicaulibus
321 3643 601 3712 ovato-deltoideis
621 3644 744 3726 acutis,
772 3641 909 3711 racemis
928 3640 1141 3708 breviusculis
1161 3639 1270 3708 densis
1290 3661 1347 3729 pa·

75 3729 235 3814 tentibus,
267 3732 404 3800 bracteis
435 3732 537 3800 acutis
567 3732 741 3821 pedicellos
772 3733 877 3886 calpcc
907 3729 1070 3815 longiores
1103 3728 1345 3829 superantibus,

72 3819 182 3968 ¹petalis
201 3820 502 3907 obovato-oblongis
521 3819 590 3888 basi
609 3819 795 3903 attenuatis,
837 3819 894 3886 isci
915 3818 997 3885 lobis
1017 3815 1171 3885 5retus1s
1184 3817 1347 3884 filamenta

97 3905 141 3972 asi
166 3908 296 3977 dilatala
323 3909 577 3997 excipientibus,
603 3907 749 3976 antheris
775 3906 1024 3996 subapiculatis,
1052 3905 1142 3992 stylis
1162 3903 1347 3972 soporatis

75 3995 170 4149 (1)ζέῗί
183 3998 333 4156 trieppeorn
347 3997 551 4086 aequantibus
564 4006 593 4078 5.
613 3997 647 4064 Τ.
666 3996 794 4066 Gallica
806 4017 872 4064 var.
887 3995 1075 4081 manniscru
1091 3993 1233 4060 Ehrenb.
1251 3992 1343 4061 Linn.

164 4109 223 4176 ‚n
314 4141 321 4155 ·

118 4189 192 4251 Hah.
209 4195 238 4252 in
257 4197 374 4254 deserto
393 4194 523 4254 Arabico
541 4192 667 4266 AEgypti
683 4193 847 4269 superioris
873 4180 1025 4272 (Husson!
1039 4187 1067 4268 ),
1086 4189 1206 4248 Arabia
1230 4187 1345 4249 Petreae

77 4276 211 4350 (Ebrcnb.
230 4282 327 4342 Bovdl
346 4283 477 4360 Schimp.
498 4301 561 4342 eas.
581 4278 648 4344 229
661 4280 668 4342 !
681 4283 710 4361 ),
729 4282 839 4341 Persias
855 4280 994 4340 australis
1008 4279 1046 4338 cd
1063 4278 1183 4338 Sohiran
1200 4277 1263 4353 (Ky
1274 4265 1299 4354 !)
1317 4284 1347 4337 et

78 4367 112 4424 ad
135 4369 235 4434 Sinum
256 4373 407 4432 Persicum
432 4367 540 4458 (Auen.
558 4389 621 4431 exs.
637 4369 728 4433 4510
739 4371 785 4448 l),
812 4373 888 4430 inter
910 4367 1039 4445 Ispahan
1054 4375 1083 4428 et
1101 4366 1241 4426 Teberan
1259 4373 1289 4426 ct
1304 4367 1343 4426 ad

78 4452 220 4522 Obabbise
236 4463 398 4542 (BungeO,
418 4465 447 4521 in
468 4461 626 4537 Allghanid
643 4449 775 4540 (brial).

121 4559 209 4624 Valde
227 4565 323 4625 affinis
339 4566 528 4642 procedenti,
545 4565 636 4624 voluti
652 4564 740 4642 hujus
758 4563 855 4623 forma
870 4563 952 4623 salsa
965 4559 1053 4622 valde
1071 4559 1186 4634 glauca.
