3276 5200
845 367 909 438 586

240 499 350 604 brida,
376 507 523 574 caulibus
543 507 609 575 lere
630 507 736 576 abasi
756 505 950 575 dichotomis
971 505 1161 608 paniculatis
1181 506 1345 595 ramisque
1366 507 1532 574 tenuibus

239 604 383 678 virgatis,
405 595 488 662 loliis
509 596 629 663 intimis
649 596 997 684 oblongo-spathulatrs
1016 595 1142 663 caeteris
1162 594 1358 678 linearibus,
1380 595 1531 662 lloribus

239 678 427 778 brevissime
447 685 644 773 pedicellatis
664 684 805 752 alaribus
827 696 858 751 et
881 707 973 752 secus
997 705 1105 751 ramos
1128 684 1313 772 superiores
1340 684 1529 751 unilatera-

239 768 312 836 liter
333 774 521 858 raeernosis,
553 775 659 864 calyce
686 796 704 842 e
730 773 797 841 basi
824 774 1009 842 umbilicatd
1034 775 1154 841 clavato
1174 772 1281 841 albido
1301 795 1391 840 secus
1410 784 1530 840 costas

239 870 348 926 scruas
369 863 513 948 squamis
532 863 743 932 snbrotundis
762 863 843 931 albis
863 862 1052 952 papyraceis
1073 863 1086 928 l
1105 861 1154 929 -l
1172 862 1310 929 dentatis
1333 862 1529 930 uuiseriali-

239 944 299 1045 bus
318 949 424 1016 obsito
444 952 597 1020 dentibus
616 952 765 1040 oblongis
784 951 921 1033 obtusis
943 951 1061 1020 lamina
1081 951 1154 1018 albal
1170 951 1530 1040 obcordataprolunde

239 1033 364 1120 biloba,
396 1061 525 1108 coronae
545 1040 669 1108 laciniis
689 1041 813 1110 obtusis
832 1041 1024 1124 mendatis,
1055 1041 1186 1128 capsula
1204 1045 1296 1106 ovata
1314 1041 1531 1128 carpophoro

240 1127 335 1209 paulo
355 1127 523 1211 breviore,
556 1131 735 1198 seminibus
755 1130 965 1199 tuberculatis
985 1129 1065 1198 lacie
1081 1128 1190 1286 planis
1208 1129 1305 1196 dorso
1323 1129 1530 1196 canalicula-

239 1211 279 1279 tis
313 1223 363 1294 Θ.
398 1217 434 1284 S.
459 1220 608 1286 echinato
633 1219 727 1286 lurrb.
751 1219 915 1308 etSpacb.
942 1219 1058 1285 lllustr.
1109 1238 1135 1284 r.
1159 1218 1183 1298 l,
1206 1238 1236 1305 p.
1261 1215 1293 1300 8,
1315 1217 1422 1285 tabl
1454 1238 1530 1285 non

238 1300 311 1369 Ottli
333 1325 392 1372 nec
411 1307 503 1374 oues.

287 1413 363 1475 Hab.
381 1415 409 1474 in
428 1417 514 1476 cultis
531 1417 650 1478 OEtoliae
662 1407 827 1496 (Sprqu),
854 1416 999 1476 Anatoliae
1018 1415 1046 1473 in
1062 1417 1224 1490 aggeribus
1243 1415 1375 1474 arenosis
1391 1414 1529 1473 vallium

243 1502 343 1561 Hermi
361 1505 388 1562 in
411 1505 508 1580 Lydis
524 1514 552 1566 et
571 1507 704 1567 Meandri
722 1509 750 1566 in
774 1507 863 1568 (lariti
890 1503 1009 1584 (Boissl
1030 1505 1105 1565 Jaub
1117 1493 1124 1564 l
1136 1505 1162 1582 ),
1182 1505 1212 1563 iu
1236 1503 1330 1580 Lycii
1345 1505 1382 1564 ad
1400 1504 1532 1564 Elmslu

243 1584 400 1675 (Bourgl),
420 1595 508 1672 Syria
526 1599 590 1658 bor.
610 1594 687 1658 inter
703 1598 812 1658 Aiutab
832 1603 862 1658 et
879 1596 1016 1657 Marsseh
1032 1592 1205 1676 (Hsusskt).
1224 1594 1270 1653 rt.
1290 1594 1359 1654 bisi.

289 1679 393 1754 Planta
409 1692 513 1780 l·l¹l,
533 1700 662 1774 pedalis.
680 1699 903 1759 lnfloresceutia
921 1699 968 1757 vel
984 1697 1188 1772 irregulariter
1213 1694 1535 1772 cymoso-dicliotoma

243 1785 289 1842 vel
309 1788 417 1859 saepius
437 1807 523 1848 secus
551 1790 682 1849 ramulos
705 1789 875 1864 superiores
903 1805 1069 1848 racemosa.
1094 1787 1188 1862 Calyx
1212 1784 1271 1850 6·7
1291 1787 1381 1845 lineus
1400 1786 1533 1858 longus.

242 1873 272 1933 S.
291 1877 427 1937 echinata
455 1877 536 1938 ouh.
552 1897 589 1938 ex
608 1879 695 1939 ltalia
718 1881 816 1939 differt
841 1880 944 1954 calyce
967 1875 1088 1954 papillis
1113 1879 1212 1954 longis
1235 1878 1340 1936 setosis
1358 1893 1394 1934 ex
1418 1877 1533 1935 tuber·

244 1966 319 2025 culis
336 1969 409 2028 ortis
428 1970 536 2044 obsito,
557 1971 664 2044 petalis
677 1969 771 2029 roseis
789 1969 919 2029 breviter
938 1969 1055 2028 bilobis.

287 2223 327 2292 S.
344 2226 631 2296 vesiculilera
650 2225 689 2314 (l.
713 2226 777 2316 Gay
798 2227 829 2292 in
852 2226 916 2293 llal.
939 2228 981 2315 pl.
1005 2249 1070 2294 ers.
1099 2223 1194 2302 1855)
1214 2224 1273 2290 sub
1295 2225 1376 2290 lente
1395 2221 1533 2289 minute

244 2311 437 2398 pubescens,
459 2316 549 2380 carde
570 2316 636 2382 lere
656 2337 674 2382 a
695 2315 761 2382 basi
782 2313 966 2382 dichotome
986 2314 1169 2404 paniculato
1188 2312 1352 2400 ramisque
1368 2309 1534 2378 tenuibus

244 2399 505 2486 ri1·gatis,.loliis
525 2403 678 2471 omnibus
697 2403 1018 2471 lineari-lanceolatis
1037 2402 1158 2486 acutis,
1179 2401 1314 2469 lloribus
1335 2399 1534 2466 brevissime

246 2491 467 2576 pedunculatis
492 2492 634 2559 alaribus
658 2503 688 2558 et
716 2492 952 2574 terminalibus
984 2494 1089 2583 calyce
1110 2514 1126 2559 e
1147 2489 1214 2558 basi
1236 2489 1421 2558 umbilicata
1440 2488 1532 2555 obo-

242 2588 312 2645 rato
326 2579 433 2647 ulbido
454 2580 674 2648 viridi-striato
694 2603 787 2648 secus
807 2591 911 2648 costus
931 2582 1060 2649 demum
1081 2581 1170 2647 valde
1190 2579 1411 2669 prominentes
1424 2597 1534 2664 squu-

243 2666 303 2733 mis
323 2667 404 2736 albis
422 2669 715 2738 vesiculilormibus
735 2669 915 2738 inermibus
934 2671 980 2737 vel
1005 2669 1204 2738 mucronatis
1234 2665 1430 2734 imbricatim
1462 2666 1533 2732 ob-

242 2755 316 2838 sito,
349 2757 498 2824 dentibus
531 2759 717 2826 lanceolatis
747 2759 970 2842 acutiusculiS,
1004 2759 1123 2828 lamina
1154 2758 1224 2824 albd
1256 2754 1535 2824 lineari-cuneata

242 2843 361 2928 bitoou,
383 2869 512 2914 coronae
533 2847 656 2916 laciniis
678 2847 834 2916 truncatis
855 2849 984 2928 retusis
1006 2849 1136 2936 capsuld
1155 2845 1391 2932 ovato-globosa
1404 2864 1535 2930 carpo·

242 2934 346 3021 pboro
366 2935 526 3024 subduplo
546 2937 704 3024 longiore,
727 2937 906 3004 seminibus
926 2937 1004 3004 facie
1027 2937 1128 3026 planis
1147 2937 1245 3002 dorso
1264 2931 1532 3001 subcanalicula-

244 3021 282 3088 tis
304 3023 652 3114 tuberculuto-rugosis
675 3035 726 3108 Θ.

288 3131 363 3192 Hab.
383 3133 411 3190 in
425 3135 546 3207 regione
565 3137 705 3194 montanai
721 3135 812 3194 Tauri
830 3135 868 3194 ad
886 3134 976 3210 Pylas
989 3131 1127 3194 Cilicioas
1146 3132 1219 3216 (Bal.
1240 3150 1303 3191 exs.
1322 3127 1436 3208 8062).

290 3233 381 3292 Valde
400 3235 495 3292 affinis
521 3237 698 3310 precedenti
716 3237 813 3296 differt
830 3235 1000 3294 indumento
1018 3235 1193 3295 brevissimo
1211 3235 1273 3293 lare
1294 3233 1450 3308 pruinoso,
1476 3250 1535 3292 cs-

244 3324 318 3399 lyeis
337 3323 474 3384 dentibus
492 3327 638 3400 elongatis
656 3333 685 3386 et
701 3327 879 3401 papillarum
897 3327 1018 3400 saturi,
1046 3326 1154 3385 lamini
1170 3324 1334 3399 augustiori
1352 3327 1382 3381 et
1410 3340 1535 3396 carpo-

244 3415 330 3488 phori
354 3417 557 3491 proportione.
576 3416 798 3476 ludoresccutis
817 3415 982 3490 regularius
1000 3433 1123 3492 cymoss
1142 3416 1190 3474 vix
1216 3415 1303 3492 apios
1328 3413 1357 3472 iu
1385 3430 1538 3474 racemos

247 3522 385 3576 vergens.

470 3746 490 3818 †
514 3743 537 3824 †
562 3744 655 3821 Oalyx
673 3745 711 3805 ad
729 3763 836 3804 nervos
855 3751 955 3803 setoso
971 3745 1077 3805 sosbar
1095 3743 1141 3802 vel
1159 3743 1300 3804 hirsutus.

553 3961 583 4007 s.
608 3945 830 4006 lnflorescentis
847 3945 1023 4020 regulariter
1041 3942 1221 4003 dichotoma.

291 4145 331 4214 S.
349 4146 578 4232 crassipss
598 4143 708 4230 (Fenzl
728 4142 842 4229 Pugill.
867 4153 902 4207 n⁰
915 4138 971 4224 23)
992 4137 1361 4226 pubescenti-scabrida,
1382 4135 1536 4202 caulibus

248 4233 448 4302 divaricatim
469 4231 663 4299 dichotomis
684 4231 847 4320 ramisque
868 4227 999 4315 rigidis,
1028 4227 1112 4294 foliis
1138 4226 1348 4294 inferioribus
1373 4225 1536 4312 oblongo·

248 4323 435 4392 lanceolatis
466 4320 592 4389 caeteris
623 4319 1025 4399 lanceolam-linearibus,
1059 4317 1225 4384 lloralibus
1255 4317 1381 4405 calyces
1410 4313 1535 4402 saepius

248 4413 452 4502 aequantibus
472 4412 519 4476 rol
539 4410 780 4497 superantibus,
803 4407 938 4476 lloribus
958 4405 1187 4475 subsessilibus
1207 4404 1350 4472 alaribus
1371 4413 1403 4469 et
1421 4401 1535 4469 terrui-

250 4502 390 4581 nelibus,
419 4501 526 4587 calyce
547 4521 562 4560 e
586 4498 653 4566 basi
682 4497 867 4564 urnbilieatel
894 4495 1069 4586 cylindrioo
1095 4493 1239 4582 undiquc
1266 4493 1321 4560 sed
1350 4492 1532 4580 praesertim

249 4591 287 4658 ad
309 4611 424 4656 neruos
446 4587 571 4677 pupillis
593 4587 743 4654 brevibus
763 4585 884 4653 conicis
904 4583 1104 4653 scaberrinto
1124 4582 1277 4650 dentibus
1294 4580 1395 4650 oratis
1406 4579 1532 4647 obtusis
