<?xml version="1.0" encoding="UTF-8"?>
<!DOCTYPE html PUBLIC "-//W3C//DTD XHTML 1.0 Transitional//EN"
    "http://www.w3.org/TR/xhtml1/DTD/xhtml1-transitional.dtd">
<html xmlns="http://www.w3.org/1999/xhtml" xml:lang="en" lang="en">
 <head>
  <title>
</title>
<meta http-equiv="Content-Type" content="text/html;charset=utf-8" />
  <meta name='ocr-system' content='tesseract 3.04.00' />
  <meta name='ocr-capabilities' content='ocr_page ocr_carea ocr_par ocr_line ocrx_word'/>
</head>
<body>
  <div class='ocr_page' id='page_1' title='image "./floraorientalis02boisgoog_0730.png"; bbox 0 0 3236 5204; ppageno 0'>
   <div class='ocr_carea' id='block_1_1' title="bbox 866 397 934 468">
    <p class='ocr_par' dir='ltr' id='par_1_1' title="bbox 866 397 934 468">
     <span class='ocr_line' id='line_1_1' title="bbox 866 397 934 468; baseline 0 -1"><span class='ocrx_word' id='word_1_1' title='bbox 866 397 934 468; x_wconf 73' lang='grc'><strong>684</strong></span> 
     </span>
    </p>
   </div>
   <div class='ocr_carea' id='block_1_2' title="bbox 260 529 1551 1156">
    <p class='ocr_par' dir='ltr' id='par_1_2' title="bbox 260 529 1551 1156">
     <span class='ocr_line' id='line_1_2' title="bbox 260 529 1551 626; baseline 0.008 -32"><span class='ocrx_word' id='word_1_2' title='bbox 260 529 505 597; x_wconf 88' lang='lat' dir='ltr'><strong>horizontaliter</strong></span> <span class='ocrx_word' id='word_1_3' title='bbox 523 532 706 620; x_wconf 89' lang='lat' dir='ltr'><strong>patentibus</strong></span> <span class='ocrx_word' id='word_1_4' title='bbox 725 533 774 601; x_wconf 88' lang='lat' dir='ltr'><strong>vel</strong></span> <span class='ocrx_word' id='word_1_5' title='bbox 793 535 996 618; x_wconf 84' lang='lat' dir='ltr'><strong>nutantibus,</strong></span> <span class='ocrx_word' id='word_1_6' title='bbox 1018 538 1135 625; x_wconf 82' lang='lat' dir='ltr'><strong>sepelis</strong></span> <span class='ocrx_word' id='word_1_7' title='bbox 1152 538 1370 626; x_wconf 79' lang='lat' dir='ltr'><strong>inaequalibus</strong></span> <span class='ocrx_word' id='word_1_8' title='bbox 1381 535 1551 604; x_wconf 81' lang='lat' dir='ltr'><strong>trinerriis</strong></span> 
     </span>
     <span class='ocr_line' id='line_1_3' title="bbox 261 618 1551 716; baseline 0.007 -33"><span class='ocrx_word' id='word_1_9' title='bbox 261 618 448 686; x_wconf 87' lang='lat' dir='ltr'><strong>lanceolatis</strong></span> <span class='ocrx_word' id='word_1_10' title='bbox 467 619 586 703; x_wconf 87' lang='lat' dir='ltr'><strong>acutis,</strong></span> <span class='ocrx_word' id='word_1_11' title='bbox 615 621 727 708; x_wconf 87' lang='lat' dir='ltr'><strong>petalis</strong></span> <span class='ocrx_word' id='word_1_12' title='bbox 746 625 848 690; x_wconf 82' lang='lat' dir='ltr'><strong>oratis</strong></span> <span class='ocrx_word' id='word_1_13' title='bbox 873 625 921 691; x_wconf 90' lang='lat' dir='ltr'><strong>vel</strong></span> <span class='ocrx_word' id='word_1_14' title='bbox 940 625 1088 712; x_wconf 85' lang='lat' dir='ltr'><strong>oblongis</strong></span> <span class='ocrx_word' id='word_1_15' title='bbox 1107 627 1214 716; x_wconf 73' lang='lat' dir='ltr'><strong>calyce</strong></span> <span class='ocrx_word' id='word_1_16' title='bbox 1233 625 1296 693; x_wconf 77' lang='grc'><strong>3-4</strong></span> <span class='ocrx_word' id='word_1_17' title='bbox 1314 627 1368 714; x_wconf 92' lang='lat' dir='ltr'><strong>plo</strong></span> <span class='ocrx_word' id='word_1_18' title='bbox 1387 625 1551 692; x_wconf 83' lang='lat' dir='ltr'><strong>breviori-</strong></span> 
     </span>
     <span class='ocr_line' id='line_1_4' title="bbox 261 705 1551 864; baseline 0.007 -93"><span class='ocrx_word' id='word_1_19' title='bbox 261 705 339 806; x_wconf 73' lang='lat' dir='ltr'><strong>bus,</strong></span> <span class='ocrx_word' id='word_1_20' title='bbox 360 709 490 794; x_wconf 75' lang='lat' dir='ltr'><strong>capsula</strong></span> <span class='ocrx_word' id='word_1_21' title='bbox 510 709 617 864; x_wconf 67' lang='lat' dir='ltr'><strong>calppe</strong></span> <span class='ocrx_word' id='word_1_22' title='bbox 637 709 804 794; x_wconf 87' lang='lat' dir='ltr'><strong>breviore,</strong></span> <span class='ocrx_word' id='word_1_23' title='bbox 836 713 1015 780; x_wconf 89' lang='lat' dir='ltr'><strong>seminibus</strong></span> <span class='ocrx_word' id='word_1_24' title='bbox 1034 715 1131 782; x_wconf 90' lang='lat' dir='ltr'><strong>dorso</strong></span> <span class='ocrx_word' id='word_1_25' title='bbox 1151 714 1364 782; x_wconf 85' lang='lat' dir='ltr'><strong>tuberculatis</strong></span> <span class='ocrx_word' id='word_1_26' title='bbox 1384 723 1442 794; x_wconf 78' lang='grc' dir='ltr'><strong>Θ.</strong></span> <span class='ocrx_word' id='word_1_27' title='bbox 1470 713 1551 780; x_wconf 84' lang='lat' dir='ltr'><strong>Arc-</strong></span> 
     </span>
     <span class='ocr_line' id='line_1_5' title="bbox 260 795 1551 890; baseline 0.006 -30"><span class='ocrx_word' id='word_1_28' title='bbox 260 816 357 862; x_wconf 82' lang='lat' dir='ltr'><strong>norco</strong></span> <span class='ocrx_word' id='word_1_29' title='bbox 375 795 542 880; x_wconf 77' lang='lat' dir='ltr'><strong>plebeium</strong></span> <span class='ocrx_word' id='word_1_30' title='bbox 606 798 672 864; x_wconf 94' lang='lat' dir='ltr'><strong>bill.</strong></span> <span class='ocrx_word' id='word_1_31' title='bbox 697 799 771 867; x_wconf 88' lang='lat' dir='ltr'><strong>Dec.</strong></span> <span class='ocrx_word' id='word_1_32' title='bbox 795 799 846 882; x_wconf 87' lang='lat' dir='ltr'><strong>lv,</strong></span> <span class='ocrx_word' id='word_1_33' title='bbox 868 821 899 890; x_wconf 91' lang='lat' dir='ltr'><strong>p.</strong></span> <span class='ocrx_word' id='word_1_34' title='bbox 922 801 960 884; x_wconf 87' lang='grc'><strong>6,</strong></span> <span class='ocrx_word' id='word_1_35' title='bbox 983 803 1048 870; x_wconf 87' lang='lat' dir='ltr'><strong>tab.</strong></span> <span class='ocrx_word' id='word_1_36' title='bbox 1070 802 1108 887; x_wconf 88' lang='lat'><strong>3,</strong></span> <span class='ocrx_word' id='word_1_37' title='bbox 1134 804 1188 890; x_wconf 82' lang='lat' dir='ltr'><strong>fig.</strong></span> <span class='ocrx_word' id='word_1_38' title='bbox 1213 804 1237 870; x_wconf 93' lang='lat' dir='ltr'><strong>l.</strong></span> <span class='ocrx_word' id='word_1_39' title='bbox 1258 843 1303 852; x_wconf 93' lang='lat'><em>-</em></span> <span class='ocrx_word' id='word_1_40' title='bbox 1322 803 1395 870; x_wconf 79' lang='lat' dir='ltr'><strong>Ala.</strong></span> <span class='ocrx_word' id='word_1_41' title='bbox 1420 803 1551 889; x_wconf 78' lang='lat' dir='ltr'><strong>irrepu-</strong></span> 
     </span>
     <span class='ocr_line' id='line_1_6' title="bbox 262 883 1550 978; baseline 0.009 -31"><span class='ocrx_word' id='word_1_42' title='bbox 262 883 344 949; x_wconf 82' lang='lat' dir='ltr'><strong>loris</strong></span> <span class='ocrx_word' id='word_1_43' title='bbox 365 884 428 950; x_wconf 89' lang='lat' dir='ltr'><strong>Vis.</strong></span> <span class='ocrx_word' id='word_1_44' title='bbox 451 885 494 972; x_wconf 92' lang='lat' dir='ltr'><strong>pl.</strong></span> <span class='ocrx_word' id='word_1_45' title='bbox 518 907 583 953; x_wconf 88' lang='lat' dir='ltr'><strong>exs.</strong></span> <span class='ocrx_word' id='word_1_46' title='bbox 599 925 643 934; x_wconf 88' lang='lat'>-</span> <span class='ocrx_word' id='word_1_47' title='bbox 662 888 702 953; x_wconf 87' lang='grc' dir='ltr'><strong>Α.</strong></span> <span class='ocrx_word' id='word_1_48' title='bbox 726 889 895 975; x_wconf 79' lang='lat' dir='ltr'><strong>loncisolio</strong></span> <span class='ocrx_word' id='word_1_49' title='bbox 915 889 1035 958; x_wconf 86' lang='lat' dir='ltr'><strong>Visian.</strong></span> <span class='ocrx_word' id='word_1_50' title='bbox 1060 892 1103 958; x_wconf 91' lang='lat' dir='ltr'><strong>lc.</strong></span> <span class='ocrx_word' id='word_1_51' title='bbox 1125 891 1172 958; x_wconf 77' lang='lat' dir='ltr'><strong>st.</strong></span> <span class='ocrx_word' id='word_1_52' title='bbox 1196 890 1298 958; x_wconf 88' lang='lat' dir='ltr'><strong>Dalm.</strong></span> <span class='ocrx_word' id='word_1_53' title='bbox 1321 892 1389 959; x_wconf 83' lang='lat' dir='ltr'><strong>tab.</strong></span> <span class='ocrx_word' id='word_1_54' title='bbox 1414 889 1476 974; x_wconf 78' lang='lat' dir='ltr'><strong>at,</strong></span> <span class='ocrx_word' id='word_1_55' title='bbox 1496 891 1550 978; x_wconf 77' lang='lat' dir='ltr'><strong>[ig.</strong></span> 
     </span>
     <span class='ocr_line' id='line_1_7' title="bbox 262 971 1550 1069; baseline 0.008 -33"><span class='ocrx_word' id='word_1_56' title='bbox 262 971 285 1037; x_wconf 93' lang='lat' dir='ltr'><strong>l.</strong></span> <span class='ocrx_word' id='word_1_57' title='bbox 309 1009 353 1022; x_wconf 89' lang='lat'>—</span> <span class='ocrx_word' id='word_1_58' title='bbox 371 974 535 1041; x_wconf 75' lang='lat' dir='ltr'><strong>Aceruntia</strong></span> <span class='ocrx_word' id='word_1_59' title='bbox 554 976 747 1062; x_wconf 74' lang='lat' dir='ltr'><strong><em>fasciculam</em></strong></span> <span class='ocrx_word' id='word_1_60' title='bbox 767 976 869 1044; x_wconf 84' lang='lat' dir='ltr'><strong>Siblh.</strong></span> <span class='ocrx_word' id='word_1_61' title='bbox 894 977 940 1044; x_wconf 78' lang='lat' dir='ltr'><strong>u.</strong></span> <span class='ocrx_word' id='word_1_62' title='bbox 963 979 1066 1048; x_wconf 76' lang='lat' dir='ltr'><strong>Grac.</strong></span> <span class='ocrx_word' id='word_1_63' title='bbox 1089 981 1127 1062; x_wconf 85' lang='lat' dir='ltr'><strong>v,</strong></span> <span class='ocrx_word' id='word_1_64' title='bbox 1149 1003 1182 1069; x_wconf 87' lang='lat' dir='ltr'><strong>p.</strong></span> <span class='ocrx_word' id='word_1_65' title='bbox 1204 979 1265 1063; x_wconf 81' lang='lat'><strong>30,</strong></span> <span class='ocrx_word' id='word_1_66' title='bbox 1287 981 1354 1047; x_wconf 88' lang='lat' dir='ltr'><strong>tab.</strong></span> <span class='ocrx_word' id='word_1_67' title='bbox 1377 979 1464 1062; x_wconf 65' lang='grc' dir='ltr'><strong>ΜΞ,</strong></span> <span class='ocrx_word' id='word_1_68' title='bbox 1484 979 1550 1046; x_wconf 77' lang='lat' dir='ltr'><strong>vis.</strong></span> 
     </span>
     <span class='ocr_line' id='line_1_8' title="bbox 261 1059 1409 1156; baseline 0.007 -30"><span class='ocrx_word' id='word_1_69' title='bbox 261 1059 307 1126; x_wconf 73' lang='grc' dir='ltr'><strong>ΡΙ.</strong></span> <span class='ocrx_word' id='word_1_70' title='bbox 331 1059 432 1128; x_wconf 84' lang='lat' dir='ltr'><strong>Dalm.</strong></span> <span class='ocrx_word' id='word_1_71' title='bbox 455 1082 519 1128; x_wconf 96' lang='lat' dir='ltr'><strong>non</strong></span> <span class='ocrx_word' id='word_1_72' title='bbox 541 1062 633 1130; x_wconf 89' lang='lat' dir='ltr'><strong>alior.</strong></span> <span class='ocrx_word' id='word_1_73' title='bbox 657 1105 700 1113; x_wconf 90' lang='lat'><em>-</em></span> <span class='ocrx_word' id='word_1_74' title='bbox 717 1065 904 1133; x_wconf 79' lang='lat' dir='ltr'><strong>Miruuortio</strong></span> <span class='ocrx_word' id='word_1_75' title='bbox 923 1063 1049 1135; x_wconf 82' lang='lat' dir='ltr'><strong>Pctlc&#39;ri</strong></span> <span class='ocrx_word' id='word_1_76' title='bbox 1070 1069 1170 1136; x_wconf 84' lang='lat' dir='ltr'><strong>Rebb.</strong></span> <span class='ocrx_word' id='word_1_77' title='bbox 1193 1069 1248 1156; x_wconf 82' lang='lat' dir='ltr'><strong>sig.</strong></span> <span class='ocrx_word' id='word_1_78' title='bbox 1271 1067 1361 1136; x_wconf 75' lang='lat' dir='ltr'><strong>uste</strong></span> <span class='ocrx_word' id='word_1_79' title='bbox 1375 1070 1409 1135; x_wconf 94' lang='lat' dir='ltr'><strong>b.</strong></span> 
     </span>
    </p>
   </div>
   <div class='ocr_carea' id='block_1_3' title="bbox 262 1170 1554 1434">
    <p class='ocr_par' dir='ltr' id='par_1_3' title="bbox 262 1170 1554 1434">
     <span class='ocr_line' id='line_1_9' title="bbox 305 1170 1554 1252; baseline 0.006 -23"><span class='ocrx_word' id='word_1_80' title='bbox 305 1170 385 1230; x_wconf 87' lang='lat' dir='ltr'><strong>Hab.</strong></span> <span class='ocrx_word' id='word_1_81' title='bbox 404 1171 554 1247; x_wconf 88' lang='lat' dir='ltr'><strong>incultis,</strong></span> <span class='ocrx_word' id='word_1_82' title='bbox 574 1173 699 1250; x_wconf 87' lang='lat' dir='ltr'><strong>vinetis,</strong></span> <span class='ocrx_word' id='word_1_83' title='bbox 724 1182 754 1232; x_wconf 90' lang='lat' dir='ltr'><strong>et</strong></span> <span class='ocrx_word' id='word_1_84' title='bbox 773 1178 921 1235; x_wconf 85' lang='lat' dir='ltr'><strong>montanis</strong></span> <span class='ocrx_word' id='word_1_85' title='bbox 945 1179 1033 1238; x_wconf 87' lang='lat' dir='ltr'><strong>siccis</strong></span> <span class='ocrx_word' id='word_1_86' title='bbox 1049 1177 1171 1238; x_wconf 73' lang='lat' dir='ltr'><strong>Gracia</strong></span> <span class='ocrx_word' id='word_1_87' title='bbox 1190 1179 1219 1236; x_wconf 92' lang='lat' dir='ltr'><strong>in</strong></span> <span class='ocrx_word' id='word_1_88' title='bbox 1236 1179 1338 1239; x_wconf 75' lang='lat' dir='ltr'><strong>Attica</strong></span> <span class='ocrx_word' id='word_1_89' title='bbox 1357 1184 1388 1237; x_wconf 87' lang='lat' dir='ltr'><strong>et</strong></span> <span class='ocrx_word' id='word_1_90' title='bbox 1401 1177 1554 1252; x_wconf 75' lang='lat' dir='ltr'>Argolide</span> 
     </span>
     <span class='ocr_line' id='line_1_10' title="bbox 262 1249 1553 1351; baseline 0.006 -33"><span class='ocrx_word' id='word_1_91' title='bbox 262 1257 391 1336; x_wconf 79' lang='lat' dir='ltr'><strong>(sprunt</strong></span> <span class='ocrx_word' id='word_1_92' title='bbox 412 1249 547 1338; x_wconf 80' lang='lat' dir='ltr'><strong>Heldrl),</strong></span> <span class='ocrx_word' id='word_1_93' title='bbox 565 1263 603 1320; x_wconf 90' lang='lat' dir='ltr'><strong>ad</strong></span> <span class='ocrx_word' id='word_1_94' title='bbox 619 1264 736 1322; x_wconf 76' lang='lat' dir='ltr'><strong>radices</strong></span> <span class='ocrx_word' id='word_1_95' title='bbox 752 1264 892 1326; x_wconf 76' lang='lat' dir='ltr'>Parnassi</span> <span class='ocrx_word' id='word_1_96' title='bbox 911 1259 1058 1351; x_wconf 79' lang='lat' dir='ltr'><strong>(Guiecl),</strong></span> <span class='ocrx_word' id='word_1_97' title='bbox 1076 1269 1225 1327; x_wconf 82' lang='lat' dir='ltr'><strong>Anatoliae</strong></span> <span class='ocrx_word' id='word_1_98' title='bbox 1240 1267 1386 1346; x_wconf 80' lang='lat' dir='ltr'><strong>(Sibtbl),</strong></span> <span class='ocrx_word' id='word_1_99' title='bbox 1405 1269 1440 1326; x_wconf 89' lang='lat' dir='ltr'><strong>in</strong></span> <span class='ocrx_word' id='word_1_100' title='bbox 1455 1267 1553 1343; x_wconf 78' lang='lat' dir='ltr'><strong>Lydia</strong></span> 
     </span>
     <span class='ocr_line' id='line_1_11' title="bbox 263 1341 1553 1434; baseline 0.007 -28"><span class='ocrx_word' id='word_1_101' title='bbox 263 1358 292 1406; x_wconf 90' lang='lat' dir='ltr'><strong>et</strong></span> <span class='ocrx_word' id='word_1_102' title='bbox 306 1359 404 1412; x_wconf 88' lang='lat' dir='ltr'><strong>monte</strong></span> <span class='ocrx_word' id='word_1_103' title='bbox 422 1351 533 1410; x_wconf 77' lang='lat' dir='ltr'><strong>Cadmo</strong></span> <span class='ocrx_word' id='word_1_104' title='bbox 550 1349 644 1412; x_wconf 74' lang='lat' dir='ltr'><strong>(laria</strong></span> <span class='ocrx_word' id='word_1_105' title='bbox 662 1349 759 1434; x_wconf 83' lang='lat' dir='ltr'><strong>(Boios</strong></span> <span class='ocrx_word' id='word_1_106' title='bbox 770 1341 806 1430; x_wconf 84' lang='lat' dir='ltr'><strong>l),</strong></span> <span class='ocrx_word' id='word_1_107' title='bbox 823 1357 932 1430; x_wconf 86' lang='lat' dir='ltr'><strong>pinetis</strong></span> <span class='ocrx_word' id='word_1_108' title='bbox 949 1357 1132 1432; x_wconf 74' lang='lat' dir='ltr'><strong>Pamphyliae</strong></span> <span class='ocrx_word' id='word_1_109' title='bbox 1148 1358 1282 1434; x_wconf 86' lang='lat' dir='ltr'><strong>(Heldrl)</strong></span> <span class='ocrx_word' id='word_1_110' title='bbox 1299 1357 1411 1418; x_wconf 71' lang='lat' dir='ltr'><strong>Cilicia</strong></span> <span class='ocrx_word' id='word_1_111' title='bbox 1427 1358 1553 1416; x_wconf 87' lang='lat' dir='ltr'><strong>littorali</strong></span> 
     </span>
    </p>
   </div>
   <div class='ocr_carea' id='block_1_4' title="bbox 263 1431 1552 1590">
    <p class='ocr_par' dir='ltr' id='par_1_4' title="bbox 263 1431 1552 1590">
     <span class='ocr_line' id='line_1_12' title="bbox 263 1431 1552 1589; baseline 0.006 -93"><span class='ocrx_word' id='word_1_112' title='bbox 263 1431 379 1589; x_wconf 49' lang='lat' dir='ltr'><strong>{Ram}</strong></span> <span class='ocrx_word' id='word_1_113' title='bbox 393 1440 480 1517; x_wconf 67' lang='lat' dir='ltr'><strong>Syria</strong></span> <span class='ocrx_word' id='word_1_114' title='bbox 499 1441 527 1499; x_wconf 91' lang='lat' dir='ltr'><strong>in</strong></span> <span class='ocrx_word' id='word_1_115' title='bbox 547 1443 695 1502; x_wconf 84' lang='lat' dir='ltr'><strong>montibus</strong></span> <span class='ocrx_word' id='word_1_116' title='bbox 713 1445 753 1502; x_wconf 86' lang='lat' dir='ltr'><strong>ad</strong></span> <span class='ocrx_word' id='word_1_117' title='bbox 770 1445 957 1506; x_wconf 78' lang='lat' dir='ltr'><strong>Antiochiam</strong></span> <span class='ocrx_word' id='word_1_118' title='bbox 975 1448 1074 1522; x_wconf 82' lang='lat' dir='ltr'><strong>(Rojss</strong></span> <span class='ocrx_word' id='word_1_119' title='bbox 1089 1447 1121 1524; x_wconf 77' lang='lat' dir='ltr'><strong>t),</strong></span> <span class='ocrx_word' id='word_1_120' title='bbox 1141 1449 1169 1506; x_wconf 90' lang='lat' dir='ltr'><strong>in</strong></span> <span class='ocrx_word' id='word_1_121' title='bbox 1190 1447 1304 1506; x_wconf 85' lang='lat' dir='ltr'><strong>Libano</strong></span> <span class='ocrx_word' id='word_1_122' title='bbox 1322 1447 1452 1525; x_wconf 82' lang='lat' dir='ltr'><strong>(habill.</strong></span> <span class='ocrx_word' id='word_1_123' title='bbox 1472 1436 1552 1523; x_wconf 78' lang='lat' dir='ltr'><strong>ull).</strong></span> 
     </span>
     <span class='ocr_line' id='line_1_13' title="bbox 302 1547 389 1590; baseline 0.023 -2"><span class='ocrx_word' id='word_1_124' title='bbox 302 1575 309 1588; x_wconf 93' lang='lat'><em>.</em></span> <span class='ocrx_word' id='word_1_125' title='bbox 326 1547 366 1589; x_wconf 78' lang='lat' dir='ltr'><strong>ars</strong></span> <span class='ocrx_word' id='word_1_126' title='bbox 382 1575 389 1590; x_wconf 94' lang='lat'><strong>.</strong></span> 
     </span>
    </p>
   </div>
   <div class='ocr_carea' id='block_1_5' title="bbox 262 1627 1550 1794">
    <p class='ocr_par' dir='ltr' id='par_1_5' title="bbox 262 1627 1550 1794">
     <span class='ocr_line' id='line_1_14' title="bbox 262 1627 1550 1778; baseline 0.007 -91"><span class='ocrx_word' id='word_1_127' title='bbox 262 1720 281 1776; x_wconf 82' lang='lat' dir='ltr'><strong>l·</strong></span> <span class='ocrx_word' id='word_1_128' title='bbox 307 1631 412 1778; x_wconf 59' lang='lat' dir='ltr'><strong>Plarrlta</strong></span> <span class='ocrx_word' id='word_1_129' title='bbox 430 1627 489 1692; x_wconf 88' lang='grc'><strong>1-6</strong></span> <span class='ocrx_word' id='word_1_130' title='bbox 506 1632 675 1708; x_wconf 83' lang='lat' dir='ltr'><strong>polliceris,</strong></span> <span class='ocrx_word' id='word_1_131' title='bbox 696 1634 916 1694; x_wconf 86' lang='lat' dir='ltr'><strong>inflorescentia</strong></span> <span class='ocrx_word' id='word_1_132' title='bbox 934 1636 1103 1697; x_wconf 85' lang='lat' dir='ltr'><strong>dichotome</strong></span> <span class='ocrx_word' id='word_1_133' title='bbox 1119 1637 1347 1712; x_wconf 82' lang='lat' dir='ltr'><strong>subracemosa,</strong></span> <span class='ocrx_word' id='word_1_134' title='bbox 1370 1638 1463 1712; x_wconf 78' lang='lat' dir='ltr'><strong>calyx</strong></span> <span class='ocrx_word' id='word_1_135' title='bbox 1480 1634 1550 1718; x_wconf 65' lang='lat'><strong>27,</strong></span> 
     </span>
     <span class='ocr_line' id='line_1_15' title="bbox 275 1737 492 1794; baseline 0.014 -18"><span class='ocrx_word' id='word_1_136' title='bbox 275 1737 357 1778; x_wconf 82' lang='lat' dir='ltr'><strong>ineas</strong></span> <span class='ocrx_word' id='word_1_137' title='bbox 386 1737 492 1794; x_wconf 81' lang='lat' dir='ltr'><strong>ongus.</strong></span> 
     </span>
    </p>
   </div>
   <div class='ocr_carea' id='block_1_6' title="bbox 306 1817 690 1898">
    <p class='ocr_par' dir='ltr' id='par_1_6' title="bbox 306 1817 690 1898">
     <span class='ocr_line' id='line_1_16' title="bbox 306 1817 690 1898; baseline 0.01 -20"><span class='ocrx_word' id='word_1_138' title='bbox 306 1817 362 1882; x_wconf 81' lang='lat' dir='ltr'><strong>Ar.</strong></span> <span class='ocrx_word' id='word_1_139' title='bbox 386 1829 506 1898; x_wconf 67' lang='grc' dir='ltr'><strong>ῦοοςτ.</strong></span> <span class='ocrx_word' id='word_1_140' title='bbox 531 1823 690 1883; x_wconf 86' lang='lat' dir='ltr'><strong>Dalmatia.</strong></span> 
     </span>
    </p>
   </div>
   <div class='ocr_carea' id='block_1_7' title="bbox 709 2052 1090 2116">
    <p class='ocr_par' dir='ltr' id='par_1_7' title="bbox 709 2052 1090 2116">
     <span class='ocr_line' id='line_1_17' title="bbox 709 2052 1090 2116; baseline 0.005 -4"><span class='ocrx_word' id='word_1_141' title='bbox 709 2052 741 2116; x_wconf 90' lang='lat' dir='ltr'><strong>b.</strong></span> <span class='ocrx_word' id='word_1_142' title='bbox 776 2055 880 2114; x_wconf 80' lang='lat' dir='ltr'><strong>Floras</strong></span> <span class='ocrx_word' id='word_1_143' title='bbox 899 2057 1090 2116; x_wconf 86' lang='lat' dir='ltr'><strong>subsessilas.</strong></span> 
     </span>
    </p>
   </div>
   <div class='ocr_carea' id='block_1_8' title="bbox 263 2247 1549 3240">
    <p class='ocr_par' dir='ltr' id='par_1_8' title="bbox 263 2247 1549 2862">
     <span class='ocr_line' id='line_1_18' title="bbox 306 2247 1549 2337; baseline -0.003 -19"><span class='ocrx_word' id='word_1_144' title='bbox 306 2252 354 2318; x_wconf 79' lang='lat' dir='ltr'><strong>A.</strong></span> <span class='ocrx_word' id='word_1_145' title='bbox 375 2250 471 2320; x_wconf 79' lang='lat' dir='ltr'><strong>decl</strong></span> <span class='ocrx_word' id='word_1_146' title='bbox 503 2252 603 2320; x_wconf 78' lang='lat' dir='ltr'><strong>lens</strong></span> <span class='ocrx_word' id='word_1_147' title='bbox 628 2249 738 2337; x_wconf 83' lang='lat' dir='ltr'><strong>(Fenzl</strong></span> <span class='ocrx_word' id='word_1_148' title='bbox 764 2249 876 2334; x_wconf 75' lang='lat' dir='ltr'><strong>Pugill.</strong></span> <span class='ocrx_word' id='word_1_149' title='bbox 900 2259 936 2314; x_wconf 90' lang='lat' dir='ltr'><strong>n⁰</strong></span> <span class='ocrx_word' id='word_1_150' title='bbox 955 2247 1012 2334; x_wconf 79' lang='lat'><strong>35)</strong></span> <span class='ocrx_word' id='word_1_151' title='bbox 1046 2247 1187 2314; x_wconf 86' lang='lat' dir='ltr'><strong>tenuiter</strong></span> <span class='ocrx_word' id='word_1_152' title='bbox 1214 2247 1549 2335; x_wconf 82' lang='lat' dir='ltr'><strong>pruinoso-velutine</strong></span> 
     </span>
     <span class='ocr_line' id='line_1_19' title="bbox 263 2335 1547 2424; baseline 0 -22"><span class='ocrx_word' id='word_1_153' title='bbox 263 2338 418 2405; x_wconf 85' lang='lat' dir='ltr'><strong>viscidula</strong></span> <span class='ocrx_word' id='word_1_154' title='bbox 438 2361 454 2404; x_wconf 94' lang='lat' dir='ltr'><strong>e</strong></span> <span class='ocrx_word' id='word_1_155' title='bbox 481 2359 537 2405; x_wconf 90' lang='lat' dir='ltr'><strong>nse</strong></span> <span class='ocrx_word' id='word_1_156' title='bbox 558 2349 590 2405; x_wconf 88' lang='lat' dir='ltr'><strong>et</strong></span> <span class='ocrx_word' id='word_1_157' title='bbox 607 2337 806 2406; x_wconf 88' lang='lat' dir='ltr'><strong>divaricatim</strong></span> <span class='ocrx_word' id='word_1_158' title='bbox 825 2336 1027 2414; x_wconf 84' lang='lat' dir='ltr'><strong>dichotoma,</strong></span> <span class='ocrx_word' id='word_1_159' title='bbox 1048 2335 1151 2424; x_wconf 77' lang='lat' dir='ltr'><strong>cymis</strong></span> <span class='ocrx_word' id='word_1_160' title='bbox 1171 2335 1482 2404; x_wconf 82' lang='lat' dir='ltr'><strong>fasciculilormibus</strong></span> <span class='ocrx_word' id='word_1_161' title='bbox 1502 2336 1547 2402; x_wconf 91' lang='lat' dir='ltr'><strong>di-</strong></span> 
     </span>
     <span class='ocr_line' id='line_1_20' title="bbox 263 2423 1547 2512; baseline -0.002 -18"><span class='ocrx_word' id='word_1_162' title='bbox 263 2426 421 2494; x_wconf 85' lang='lat' dir='ltr'><strong>chotomis</strong></span> <span class='ocrx_word' id='word_1_163' title='bbox 434 2427 618 2494; x_wconf 83' lang='lat' dir='ltr'><strong>exilioribus</strong></span> <span class='ocrx_word' id='word_1_164' title='bbox 631 2439 661 2494; x_wconf 86' lang='lat' dir='ltr'><strong>et</strong></span> <span class='ocrx_word' id='word_1_165' title='bbox 674 2425 909 2506; x_wconf 79' lang='lat' dir='ltr'><strong>terminalibus,</strong></span> <span class='ocrx_word' id='word_1_166' title='bbox 924 2423 1009 2491; x_wconf 88' lang='lat' dir='ltr'><strong>loliis</strong></span> <span class='ocrx_word' id='word_1_167' title='bbox 1023 2423 1209 2492; x_wconf 88' lang='lat' dir='ltr'><strong>lanceolatis</strong></span> <span class='ocrx_word' id='word_1_168' title='bbox 1222 2423 1276 2490; x_wconf 87' lang='lat'><strong>5-7</strong></span> <span class='ocrx_word' id='word_1_169' title='bbox 1289 2424 1429 2506; x_wconf 82' lang='lat' dir='ltr'><strong>nerviis,</strong></span> <span class='ocrx_word' id='word_1_170' title='bbox 1444 2427 1547 2512; x_wconf 74' lang='lat' dir='ltr'><strong>calyce</strong></span> 
     </span>
     <span class='ocr_line' id='line_1_21' title="bbox 265 2512 1547 2602; baseline -0.003 -19"><span class='ocrx_word' id='word_1_171' title='bbox 265 2515 384 2600; x_wconf 68' lang='lat' dir='ltr'><strong>conieo¹</strong></span> <span class='ocrx_word' id='word_1_172' title='bbox 396 2515 464 2582; x_wconf 87' lang='lat' dir='ltr'><strong>basi</strong></span> <span class='ocrx_word' id='word_1_173' title='bbox 486 2527 633 2582; x_wconf 85' lang='lat' dir='ltr'><strong>truncato</strong></span> <span class='ocrx_word' id='word_1_174' title='bbox 652 2516 742 2582; x_wconf 88' lang='lat' dir='ltr'><strong>valde</strong></span> <span class='ocrx_word' id='word_1_175' title='bbox 761 2513 859 2602; x_wconf 84' lang='lat' dir='ltr'><strong>gibbo</strong></span> <span class='ocrx_word' id='word_1_176' title='bbox 878 2513 995 2600; x_wconf 84' lang='lat' dir='ltr'><strong>sepelis</strong></span> <span class='ocrx_word' id='word_1_177' title='bbox 1014 2513 1255 2602; x_wconf 83' lang='lat' dir='ltr'><strong>subaequalibus</strong></span> <span class='ocrx_word' id='word_1_178' title='bbox 1267 2512 1462 2580; x_wconf 83' lang='lat' dir='ltr'><strong>lanceolatis</strong></span> <span class='ocrx_word' id='word_1_179' title='bbox 1474 2536 1547 2580; x_wconf 88' lang='lat' dir='ltr'><strong>acn-</strong></span> 
     </span>
     <span class='ocr_line' id='line_1_22' title="bbox 266 2601 1547 2692; baseline -0.002 -22"><span class='ocrx_word' id='word_1_180' title='bbox 266 2604 395 2672; x_wconf 86' lang='lat' dir='ltr'><strong>minatis</strong></span> <span class='ocrx_word' id='word_1_181' title='bbox 419 2604 564 2671; x_wconf 89' lang='lat' dir='ltr'><strong>elevatim</strong></span> <span class='ocrx_word' id='word_1_182' title='bbox 590 2603 771 2686; x_wconf 87' lang='lat' dir='ltr'><strong>trinerviis,</strong></span> <span class='ocrx_word' id='word_1_183' title='bbox 799 2601 913 2692; x_wconf 90' lang='lat' dir='ltr'><strong>petalis</strong></span> <span class='ocrx_word' id='word_1_184' title='bbox 938 2613 1074 2688; x_wconf 79' lang='lat' dir='ltr'><strong>anguste</strong></span> <span class='ocrx_word' id='word_1_185' title='bbox 1098 2602 1284 2669; x_wconf 87' lang='lat' dir='ltr'><strong>lanceolatis</strong></span> <span class='ocrx_word' id='word_1_186' title='bbox 1309 2602 1416 2670; x_wconf 88' lang='lat' dir='ltr'><strong>acutis</strong></span> <span class='ocrx_word' id='word_1_187' title='bbox 1443 2603 1547 2690; x_wconf 75' lang='lat' dir='ltr'><strong>calyce</strong></span> 
     </span>
     <span class='ocr_line' id='line_1_23' title="bbox 265 2689 1545 2780; baseline -0.002 -22"><span class='ocrx_word' id='word_1_188' title='bbox 265 2691 399 2760; x_wconf 87' lang='lat' dir='ltr'><strong>dimidio</strong></span> <span class='ocrx_word' id='word_1_189' title='bbox 419 2693 640 2770; x_wconf 61' lang='lat' dir='ltr'><strong>brevioribus</strong></span> <span class='ocrx_word' id='word_1_190' title='bbox 661 2693 791 2780; x_wconf 76' lang='lat' dir='ltr'><strong>capsula</strong></span> <span class='ocrx_word' id='word_1_191' title='bbox 810 2691 917 2780; x_wconf 74' lang='lat' dir='ltr'><strong>calyce</strong></span> <span class='ocrx_word' id='word_1_192' title='bbox 937 2689 1103 2772; x_wconf 90' lang='lat' dir='ltr'><strong>breviore,</strong></span> <span class='ocrx_word' id='word_1_193' title='bbox 1124 2690 1305 2758; x_wconf 86' lang='lat' dir='ltr'><strong>seminibus</strong></span> <span class='ocrx_word' id='word_1_194' title='bbox 1325 2691 1426 2758; x_wconf 91' lang='lat' dir='ltr'><strong>dorso</strong></span> <span class='ocrx_word' id='word_1_195' title='bbox 1447 2689 1545 2758; x_wconf 88' lang='lat' dir='ltr'><strong>subti-</strong></span> 
     </span>
     <span class='ocr_line' id='line_1_24' title="bbox 266 2780 688 2862; baseline 0 -16"><span class='ocrx_word' id='word_1_196' title='bbox 266 2780 386 2848; x_wconf 86' lang='lat' dir='ltr'><strong>lissime</strong></span> <span class='ocrx_word' id='word_1_197' title='bbox 406 2781 615 2849; x_wconf 86' lang='lat' dir='ltr'><strong>tuberculatis</strong></span> <span class='ocrx_word' id='word_1_198' title='bbox 637 2789 688 2862; x_wconf 77' lang='grc' dir='ltr'><strong>Θ.</strong></span> 
     </span>
    </p>

    <p class='ocr_par' dir='ltr' id='par_1_9' title="bbox 264 2873 1547 3240">
     <span class='ocr_line' id='line_1_25' title="bbox 311 2873 1546 2970; baseline -0.003 -25"><span class='ocrx_word' id='word_1_199' title='bbox 311 2888 387 2947; x_wconf 88' lang='lat' dir='ltr'><strong>lleb.</strong></span> <span class='ocrx_word' id='word_1_200' title='bbox 405 2888 435 2946; x_wconf 93' lang='lat' dir='ltr'><strong>in</strong></span> <span class='ocrx_word' id='word_1_201' title='bbox 453 2887 541 2946; x_wconf 85' lang='lat' dir='ltr'><strong>siccis</strong></span> <span class='ocrx_word' id='word_1_202' title='bbox 559 2886 706 2946; x_wconf 82' lang='lat' dir='ltr'><strong>Anatoliae</strong></span> <span class='ocrx_word' id='word_1_203' title='bbox 717 2887 746 2944; x_wconf 93' lang='lat' dir='ltr'><strong>in</strong></span> <span class='ocrx_word' id='word_1_204' title='bbox 765 2883 957 2961; x_wconf 71' lang='lat' dir='ltr'><strong>Cappadocia</strong></span> <span class='ocrx_word' id='word_1_205' title='bbox 972 2873 1131 2970; x_wconf 81' lang='lat' dir='ltr'><strong>(chihl),</strong></span> <span class='ocrx_word' id='word_1_206' title='bbox 1151 2884 1257 2944; x_wconf 69' lang='lat' dir='ltr'><strong>Ollinia</strong></span> <span class='ocrx_word' id='word_1_207' title='bbox 1269 2885 1308 2944; x_wconf 86' lang='lat' dir='ltr'><strong>ad</strong></span> <span class='ocrx_word' id='word_1_208' title='bbox 1320 2885 1444 2945; x_wconf 76' lang='lat' dir='ltr'><strong>radices</strong></span> <span class='ocrx_word' id='word_1_209' title='bbox 1456 2883 1546 2943; x_wconf 80' lang='lat' dir='ltr'><strong>Tauri</strong></span> 
     </span>
     <span class='ocr_line' id='line_1_26' title="bbox 267 2971 1547 3057; baseline 0.001 -21"><span class='ocrx_word' id='word_1_210' title='bbox 267 2976 375 3054; x_wconf 85' lang='lat' dir='ltr'><strong>(Auclr.</strong></span> <span class='ocrx_word' id='word_1_211' title='bbox 395 2993 457 3034; x_wconf 83' lang='lat' dir='ltr'><strong>ers.</strong></span> <span class='ocrx_word' id='word_1_212' title='bbox 475 2973 543 3040; x_wconf 76' lang='lat'><strong>5⁷5</strong></span> <span class='ocrx_word' id='word_1_213' title='bbox 558 2977 623 3037; x_wconf 84' lang='lat' dir='ltr'><strong>bisi</strong></span> <span class='ocrx_word' id='word_1_214' title='bbox 640 2975 706 3051; x_wconf 85' lang='lat' dir='ltr'><strong>Ky!</strong></span> <span class='ocrx_word' id='word_1_215' title='bbox 725 2972 817 3057; x_wconf 87' lang='lat' dir='ltr'><strong>Ball),</strong></span> <span class='ocrx_word' id='word_1_216' title='bbox 835 2974 924 3052; x_wconf 69' lang='lat' dir='ltr'><strong>Syria</strong></span> <span class='ocrx_word' id='word_1_217' title='bbox 938 2976 977 3033; x_wconf 87' lang='lat' dir='ltr'><strong>ad</strong></span> <span class='ocrx_word' id='word_1_218' title='bbox 995 2975 1113 3050; x_wconf 82' lang='lat' dir='ltr'><strong>Alappo</strong></span> <span class='ocrx_word' id='word_1_219' title='bbox 1128 2980 1158 3034; x_wconf 89' lang='lat' dir='ltr'><strong>et</strong></span> <span class='ocrx_word' id='word_1_220' title='bbox 1174 2975 1285 3035; x_wconf 79' lang='lat' dir='ltr'><strong>dintab</strong></span> <span class='ocrx_word' id='word_1_221' title='bbox 1304 2974 1367 3054; x_wconf 77' lang='lat' dir='ltr'><strong>(Ky</strong></span> <span class='ocrx_word' id='word_1_222' title='bbox 1387 2992 1453 3034; x_wconf 79' lang='lat' dir='ltr'><strong>ess.</strong></span> <span class='ocrx_word' id='word_1_223' title='bbox 1468 2971 1547 3037; x_wconf 73' lang='lat'>160!</span> 
     </span>
     <span class='ocr_line' id='line_1_27' title="bbox 264 3055 1546 3142; baseline -0.002 -17"><span class='ocrx_word' id='word_1_224' title='bbox 264 3065 427 3136; x_wconf 70' lang='lat' dir='ltr'><strong>flauenti),</strong></span> <span class='ocrx_word' id='word_1_225' title='bbox 447 3067 475 3124; x_wconf 96' lang='lat' dir='ltr'><strong>in</strong></span> <span class='ocrx_word' id='word_1_226' title='bbox 493 3067 611 3126; x_wconf 88' lang='lat' dir='ltr'><strong>deserto</strong></span> <span class='ocrx_word' id='word_1_227' title='bbox 629 3067 706 3124; x_wconf 87' lang='lat' dir='ltr'><strong>inter</strong></span> <span class='ocrx_word' id='word_1_228' title='bbox 723 3067 818 3126; x_wconf 83' lang='lat' dir='ltr'><strong>Hama</strong></span> <span class='ocrx_word' id='word_1_229' title='bbox 836 3071 866 3124; x_wconf 90' lang='lat' dir='ltr'><strong>et</strong></span> <span class='ocrx_word' id='word_1_230' title='bbox 880 3066 1047 3139; x_wconf 80' lang='lat' dir='ltr'><strong>Palmyram</strong></span> <span class='ocrx_word' id='word_1_231' title='bbox 1065 3063 1113 3141; x_wconf 90' lang='lat' dir='ltr'><strong>(Bl</strong></span> <span class='ocrx_word' id='word_1_232' title='bbox 1126 3055 1163 3142; x_wconf 82' lang='lat' dir='ltr'><strong>l),</strong></span> <span class='ocrx_word' id='word_1_233' title='bbox 1176 3065 1205 3123; x_wconf 91' lang='lat' dir='ltr'><strong>in</strong></span> <span class='ocrx_word' id='word_1_234' title='bbox 1220 3074 1319 3124; x_wconf 90' lang='lat' dir='ltr'><strong>monte</strong></span> <span class='ocrx_word' id='word_1_235' title='bbox 1336 3063 1479 3124; x_wconf 75' lang='lat' dir='ltr'><strong>carmelo</strong></span> <span class='ocrx_word' id='word_1_236' title='bbox 1495 3065 1546 3123; x_wconf 84' lang='lat' dir='ltr'><strong>Pa·</strong></span> 
     </span>
     <span class='ocr_line' id='line_1_28' title="bbox 266 3149 1347 3240; baseline -0.002 -26"><span class='ocrx_word' id='word_1_237' title='bbox 266 3157 379 3215; x_wconf 75' lang='lat' dir='ltr'><strong>lestines</strong></span> <span class='ocrx_word' id='word_1_238' title='bbox 396 3149 500 3240; x_wconf 85' lang='lat' dir='ltr'><strong>(Boiss</strong></span> <span class='ocrx_word' id='word_1_239' title='bbox 511 3149 545 3230; x_wconf 80' lang='lat' dir='ltr'><strong>l).</strong></span> <span class='ocrx_word' id='word_1_240' title='bbox 565 3157 610 3215; x_wconf 72' lang='grc' dir='ltr'><strong>ΕΙ.</strong></span> <span class='ocrx_word' id='word_1_241' title='bbox 625 3163 686 3214; x_wconf 81' lang='lat' dir='ltr'><strong>rest.</strong></span> <span class='ocrx_word' id='word_1_242' title='bbox 1342 3201 1347 3212; x_wconf 92' lang='lat'>.</span> 
     </span>
    </p>
   </div>
   <div class='ocr_carea' id='block_1_9' title="bbox 264 3255 1549 3425">
    <p class='ocr_par' dir='ltr' id='par_1_10' title="bbox 264 3255 1549 3425">
     <span class='ocr_line' id='line_1_29' title="bbox 311 3255 1549 3338; baseline -0.002 -20"><span class='ocrx_word' id='word_1_243' title='bbox 311 3257 404 3334; x_wconf 82' lang='lat' dir='ltr'><strong>Oalyx</strong></span> <span class='ocrx_word' id='word_1_244' title='bbox 420 3255 444 3318; x_wconf 76' lang='lat'>2</span> <span class='ocrx_word' id='word_1_245' title='bbox 462 3259 555 3319; x_wconf 83' lang='lat' dir='ltr'><strong>lineas</strong></span> <span class='ocrx_word' id='word_1_246' title='bbox 573 3259 692 3319; x_wconf 83' lang='lat' dir='ltr'><strong>circitor</strong></span> <span class='ocrx_word' id='word_1_247' title='bbox 710 3259 835 3338; x_wconf 80' lang='lat' dir='ltr'><strong>longns3</strong></span> <span class='ocrx_word' id='word_1_248' title='bbox 852 3259 889 3318; x_wconf 87' lang='lat' dir='ltr'><strong>ab</strong></span> <span class='ocrx_word' id='word_1_249' title='bbox 907 3257 941 3317; x_wconf 84' lang='lat' dir='ltr'><strong>A.</strong></span> <span class='ocrx_word' id='word_1_250' title='bbox 965 3261 1106 3318; x_wconf 73' lang='lat' dir='ltr'><strong>montana</strong></span> <span class='ocrx_word' id='word_1_251' title='bbox 1126 3263 1155 3316; x_wconf 89' lang='lat' dir='ltr'><strong>et</strong></span> <span class='ocrx_word' id='word_1_252' title='bbox 1176 3257 1353 3317; x_wconf 73' lang='lat' dir='ltr'><strong>intermedio</strong></span> <span class='ocrx_word' id='word_1_253' title='bbox 1370 3259 1453 3332; x_wconf 85' lang='lat' dir='ltr'><strong>pube</strong></span> <span class='ocrx_word' id='word_1_254' title='bbox 1470 3259 1549 3317; x_wconf 86' lang='lat' dir='ltr'><strong>veln-</strong></span> 
     </span>
     <span class='ocr_line' id='line_1_30' title="bbox 264 3347 1548 3425; baseline -0.003 -19"><span class='ocrx_word' id='word_1_255' title='bbox 264 3351 326 3407; x_wconf 78' lang='lat' dir='ltr'><strong>una</strong></span> <span class='ocrx_word' id='word_1_256' title='bbox 344 3351 438 3420; x_wconf 89' lang='lat' dir='ltr'><strong>brevi,</strong></span> <span class='ocrx_word' id='word_1_257' title='bbox 459 3351 552 3425; x_wconf 89' lang='lat' dir='ltr'><strong>cymis</strong></span> <span class='ocrx_word' id='word_1_258' title='bbox 570 3350 695 3408; x_wconf 79' lang='lat' dir='ltr'><strong>iteratim</strong></span> <span class='ocrx_word' id='word_1_259' title='bbox 715 3349 824 3408; x_wconf 76' lang='lat' dir='ltr'><strong>ellare</strong></span> <span class='ocrx_word' id='word_1_260' title='bbox 843 3348 1021 3408; x_wconf 85' lang='lat' dir='ltr'><strong>dichotomis</strong></span> <span class='ocrx_word' id='word_1_261' title='bbox 1039 3355 1068 3408; x_wconf 86' lang='lat' dir='ltr'><strong>et</strong></span> <span class='ocrx_word' id='word_1_262' title='bbox 1085 3347 1192 3424; x_wconf 86' lang='lat' dir='ltr'><strong>petalis</strong></span> <span class='ocrx_word' id='word_1_263' title='bbox 1210 3349 1376 3423; x_wconf 84' lang='lat' dir='ltr'><strong>majoribus</strong></span> <span class='ocrx_word' id='word_1_264' title='bbox 1394 3347 1548 3406; x_wconf 83' lang='lat' dir='ltr'><strong>distincta.</strong></span> 
     </span>
    </p>
   </div>
   <div class='ocr_carea' id='block_1_10' title="bbox 264 3599 1550 3868">
    <p class='ocr_par' dir='ltr' id='par_1_11' title="bbox 264 3599 1550 3868">
     <span class='ocr_line' id='line_1_31' title="bbox 308 3599 1550 3691; baseline -0.005 -17"><span class='ocrx_word' id='word_1_265' title='bbox 308 3608 355 3674; x_wconf 79' lang='lat' dir='ltr'><strong>A.</strong></span> <span class='ocrx_word' id='word_1_266' title='bbox 368 3611 587 3675; x_wconf 80' lang='lat' dir='ltr'><strong>montana</strong></span> <span class='ocrx_word' id='word_1_267' title='bbox 606 3605 708 3688; x_wconf 83' lang='lat' dir='ltr'><strong>(Loell.</strong></span> <span class='ocrx_word' id='word_1_268' title='bbox 731 3605 769 3670; x_wconf 94' lang='lat' dir='ltr'><strong>lt.</strong></span> <span class='ocrx_word' id='word_1_269' title='bbox 792 3605 883 3691; x_wconf 88' lang='lat' dir='ltr'><strong>Hisp.</strong></span> <span class='ocrx_word' id='word_1_270' title='bbox 905 3623 978 3691; x_wconf 83' lang='lat' dir='ltr'><strong>pag.</strong></span> <span class='ocrx_word' id='word_1_271' title='bbox 1003 3601 1080 3686; x_wconf 66' lang='lat' dir='ltr'><strong>lbi,</strong></span> <span class='ocrx_word' id='word_1_272' title='bbox 1101 3603 1166 3670; x_wconf 87' lang='lat' dir='ltr'><strong>tab.</strong></span> <span class='ocrx_word' id='word_1_273' title='bbox 1190 3603 1215 3683; x_wconf 91' lang='lat' dir='ltr'><strong>l,</strong></span> <span class='ocrx_word' id='word_1_274' title='bbox 1237 3601 1292 3686; x_wconf 80' lang='lat' dir='ltr'><strong>fig.</strong></span> <span class='ocrx_word' id='word_1_275' title='bbox 1314 3599 1336 3666; x_wconf 78' lang='grc'>4</span> <span class='ocrx_word' id='word_1_276' title='bbox 1355 3601 1419 3668; x_wconf 91' lang='lat' dir='ltr'><strong>sub</strong></span> <span class='ocrx_word' id='word_1_277' title='bbox 1439 3603 1550 3669; x_wconf 79' lang='lat' dir='ltr'><strong>Miuu-</strong></span> 
     </span>
     <span class='ocr_line' id='line_1_32' title="bbox 264 3689 1548 3782; baseline -0.002 -22"><span class='ocrx_word' id='word_1_278' title='bbox 264 3695 366 3782; x_wconf 76' lang='lat' dir='ltr'><strong>urtr&#39;ci)</strong></span> <span class='ocrx_word' id='word_1_279' title='bbox 397 3693 542 3760; x_wconf 88' lang='lat' dir='ltr'><strong>caulibus</strong></span> <span class='ocrx_word' id='word_1_280' title='bbox 567 3692 662 3760; x_wconf 87' lang='lat' dir='ltr'><strong>nanis</strong></span> <span class='ocrx_word' id='word_1_281' title='bbox 685 3691 887 3780; x_wconf 83' lang='lat' dir='ltr'><strong>simplicibus</strong></span> <span class='ocrx_word' id='word_1_282' title='bbox 911 3691 1051 3780; x_wconf 87' lang='lat' dir='ltr'><strong>crispule</strong></span> <span class='ocrx_word' id='word_1_283' title='bbox 1077 3691 1188 3771; x_wconf 85' lang='lat' dir='ltr'><strong>hirtis,</strong></span> <span class='ocrx_word' id='word_1_284' title='bbox 1220 3689 1322 3778; x_wconf 77' lang='lat' dir='ltr'><strong>cymis</strong></span> <span class='ocrx_word' id='word_1_285' title='bbox 1345 3689 1548 3758; x_wconf 87' lang='lat' dir='ltr'><strong>densissimis</strong></span> 
     </span>
     <span class='ocr_line' id='line_1_33' title="bbox 266 3779 1549 3868; baseline -0.001 -20"><span class='ocrx_word' id='word_1_286' title='bbox 266 3782 570 3850; x_wconf 80' lang='lat' dir='ltr'><strong>fasciculilormibus</strong></span> <span class='ocrx_word' id='word_1_287' title='bbox 590 3780 818 3848; x_wconf 87' lang='lat' dir='ltr'><strong>subsessilibus</strong></span> <span class='ocrx_word' id='word_1_288' title='bbox 837 3781 876 3849; x_wconf 88' lang='lat' dir='ltr'><strong>ad</strong></span> <span class='ocrx_word' id='word_1_289' title='bbox 897 3779 1008 3849; x_wconf 80' lang='lat' dir='ltr'><strong>axillas</strong></span> <span class='ocrx_word' id='word_1_290' title='bbox 1027 3779 1213 3868; x_wconf 88' lang='lat' dir='ltr'><strong>superiores</strong></span> <span class='ocrx_word' id='word_1_291' title='bbox 1233 3799 1403 3845; x_wconf 86' lang='lat' dir='ltr'><strong>racemum</strong></span> <span class='ocrx_word' id='word_1_292' title='bbox 1420 3779 1549 3846; x_wconf 82' lang='lat' dir='ltr'><strong>brevem</strong></span> 
     </span>
    </p>
   </div>
   <div class='ocr_carea' id='block_1_11' title="bbox 264 3866 1548 4024">
    <p class='ocr_par' dir='ltr' id='par_1_12' title="bbox 264 3866 1548 4024">
     <span class='ocr_line' id='line_1_34' title="bbox 264 3866 1548 4024; baseline -0.002 -88"><span class='ocrx_word' id='word_1_293' title='bbox 264 3871 499 3954; x_wconf 78' lang='lat' dir='ltr'><strong>formantibus,</strong></span> <span class='ocrx_word' id='word_1_294' title='bbox 525 3869 608 3937; x_wconf 85' lang='lat' dir='ltr'><strong>loliis</strong></span> <span class='ocrx_word' id='word_1_295' title='bbox 628 3891 645 3936; x_wconf 91' lang='lat' dir='ltr'><strong>e</strong></span> <span class='ocrx_word' id='word_1_296' title='bbox 666 3869 735 3936; x_wconf 86' lang='lat' dir='ltr'><strong>basi</strong></span> <span class='ocrx_word' id='word_1_297' title='bbox 761 3868 891 3936; x_wconf 75' lang='lat' dir='ltr'><strong>dilatata</strong></span> <span class='ocrx_word' id='word_1_298' title='bbox 910 3869 1016 3937; x_wconf 79' lang='lat' dir='ltr'><strong>eiliatd</strong></span> <span class='ocrx_word' id='word_1_299' title='bbox 1036 3866 1274 4024; x_wconf 68' lang='lat' dir='ltr'><strong>‹prinquenervi</strong></span> <span class='ocrx_word' id='word_1_300' title='bbox 1294 3867 1479 3936; x_wconf 84' lang='lat' dir='ltr'><strong>linearibus</strong></span> <span class='ocrx_word' id='word_1_301' title='bbox 1498 3890 1548 3936; x_wconf 89' lang='lat' dir='ltr'><strong>su·</strong></span> 
     </span>
    </p>
   </div>
   <div class='ocr_carea' id='block_1_12' title="bbox 263 3955 1549 4400">
    <p class='ocr_par' dir='ltr' id='par_1_13' title="bbox 263 3955 1549 4400">
     <span class='ocr_line' id='line_1_35' title="bbox 264 3955 1549 4045; baseline 0 -21"><span class='ocrx_word' id='word_1_302' title='bbox 264 3959 384 4045; x_wconf 88' lang='lat' dir='ltr'><strong>premis</strong></span> <span class='ocrx_word' id='word_1_303' title='bbox 413 3960 509 4026; x_wconf 87' lang='lat' dir='ltr'><strong>llores</strong></span> <span class='ocrx_word' id='word_1_304' title='bbox 534 3959 628 4042; x_wconf 82' lang='lat' dir='ltr'><strong>longe</strong></span> <span class='ocrx_word' id='word_1_305' title='bbox 648 3958 895 4045; x_wconf 82' lang='lat' dir='ltr'><strong>superantibus,</strong></span> <span class='ocrx_word' id='word_1_306' title='bbox 920 3959 1028 4044; x_wconf 75' lang='lat' dir='ltr'><strong>calyce</strong></span> <span class='ocrx_word' id='word_1_307' title='bbox 1070 3956 1117 4025; x_wconf 88' lang='lat' dir='ltr'><strong>asi</strong></span> <span class='ocrx_word' id='word_1_308' title='bbox 1137 3955 1311 4024; x_wconf 83' lang='lat' dir='ltr'><strong>rotundato</strong></span> <span class='ocrx_word' id='word_1_309' title='bbox 1334 3956 1457 4043; x_wconf 85' lang='lat' dir='ltr'><strong>sepelis</strong></span> <span class='ocrx_word' id='word_1_310' title='bbox 1477 3957 1549 4024; x_wconf 70' lang='lat' dir='ltr'><strong>inas</strong></span> 
     </span>
     <span class='ocr_line' id='line_1_36' title="bbox 264 4043 1546 4135; baseline -0.001 -22"><span class='ocrx_word' id='word_1_311' title='bbox 264 4047 413 4135; x_wconf 81' lang='lat' dir='ltr'><strong>qualibus</strong></span> <span class='ocrx_word' id='word_1_312' title='bbox 433 4047 619 4114; x_wconf 85' lang='lat' dir='ltr'><strong>lanceolatis</strong></span> <span class='ocrx_word' id='word_1_313' title='bbox 637 4047 741 4115; x_wconf 90' lang='lat' dir='ltr'><strong>acutis</strong></span> <span class='ocrx_word' id='word_1_314' title='bbox 765 4045 912 4113; x_wconf 85' lang='lat' dir='ltr'><strong>elevetim</strong></span> <span class='ocrx_word' id='word_1_315' title='bbox 933 4045 1111 4128; x_wconf 76' lang='lat' dir='ltr'><strong>trinerviiS,</strong></span> <span class='ocrx_word' id='word_1_316' title='bbox 1133 4043 1246 4134; x_wconf 83' lang='lat' dir='ltr'><strong>petalis</strong></span> <span class='ocrx_word' id='word_1_317' title='bbox 1266 4043 1368 4110; x_wconf 82' lang='lat' dir='ltr'><strong>oratis</strong></span> <span class='ocrx_word' id='word_1_318' title='bbox 1389 4044 1546 4127; x_wconf 89' lang='lat' dir='ltr'><strong>minimis,</strong></span> 
     </span>
     <span class='ocr_line' id='line_1_37' title="bbox 263 4132 1545 4224; baseline 0 -22"><span class='ocrx_word' id='word_1_319' title='bbox 263 4138 392 4223; x_wconf 75' lang='lat' dir='ltr'><strong>capsula</strong></span> <span class='ocrx_word' id='word_1_320' title='bbox 410 4135 584 4224; x_wconf 78' lang='lat' dir='ltr'><strong>cylindricd</strong></span> <span class='ocrx_word' id='word_1_321' title='bbox 603 4136 707 4223; x_wconf 81' lang='lat' dir='ltr'><strong>calyce</strong></span> <span class='ocrx_word' id='word_1_322' title='bbox 727 4135 844 4202; x_wconf 87' lang='lat' dir='ltr'><strong>triente</strong></span> <span class='ocrx_word' id='word_1_323' title='bbox 863 4134 1024 4214; x_wconf 85' lang='lat' dir='ltr'><strong>breviore,</strong></span> <span class='ocrx_word' id='word_1_324' title='bbox 1045 4133 1224 4202; x_wconf 89' lang='lat' dir='ltr'><strong>seminibus</strong></span> <span class='ocrx_word' id='word_1_325' title='bbox 1243 4132 1545 4219; x_wconf 79' lang='lat' dir='ltr'><strong>renilormi-globo·</strong></span> 
     </span>
     <span class='ocr_line' id='line_1_38' title="bbox 265 4221 1544 4310; baseline 0 -20"><span class='ocrx_word' id='word_1_326' title='bbox 265 4223 309 4290; x_wconf 88' lang='lat' dir='ltr'><strong>sis</strong></span> <span class='ocrx_word' id='word_1_327' title='bbox 328 4225 421 4291; x_wconf 89' lang='lat' dir='ltr'><strong>oculo</strong></span> <span class='ocrx_word' id='word_1_328' title='bbox 442 4233 566 4292; x_wconf 88' lang='lat' dir='ltr'><strong>armato</strong></span> <span class='ocrx_word' id='word_1_329' title='bbox 588 4223 803 4290; x_wconf 88' lang='lat' dir='ltr'><strong>minutissime</strong></span> <span class='ocrx_word' id='word_1_330' title='bbox 823 4223 1032 4290; x_wconf 86' lang='lat' dir='ltr'><strong>tuberculatis</strong></span> <span class='ocrx_word' id='word_1_331' title='bbox 1048 4233 1100 4304; x_wconf 80' lang='grc' dir='ltr'><strong>Θ.</strong></span> <span class='ocrx_word' id='word_1_332' title='bbox 1121 4222 1232 4291; x_wconf 90' lang='lat' dir='ltr'><strong>Willk.</strong></span> <span class='ocrx_word' id='word_1_333' title='bbox 1254 4221 1342 4288; x_wconf 88' lang='lat' dir='ltr'><strong>leon.</strong></span> <span class='ocrx_word' id='word_1_334' title='bbox 1367 4221 1393 4303; x_wconf 95' lang='lat' dir='ltr'><strong>l,</strong></span> <span class='ocrx_word' id='word_1_335' title='bbox 1414 4243 1448 4310; x_wconf 93' lang='lat' dir='ltr'><strong>p.</strong></span> <span class='ocrx_word' id='word_1_336' title='bbox 1473 4221 1544 4298; x_wconf 76' lang='lat' dir='ltr'><strong>tou,</strong></span> 
     </span>
     <span class='ocr_line' id='line_1_39' title="bbox 266 4309 1542 4400; baseline -0.002 -22"><span class='ocrx_word' id='word_1_337' title='bbox 266 4311 330 4378; x_wconf 87' lang='lat' dir='ltr'><strong>tab.</strong></span> <span class='ocrx_word' id='word_1_338' title='bbox 354 4309 409 4396; x_wconf 89' lang='lat'><strong>70,</strong></span> <span class='ocrx_word' id='word_1_339' title='bbox 430 4312 487 4398; x_wconf 86' lang='lat' dir='ltr'><strong>lig.</strong></span> <span class='ocrx_word' id='word_1_340' title='bbox 508 4311 541 4379; x_wconf 87' lang='lat' dir='ltr'><strong>C.</strong></span> <span class='ocrx_word' id='word_1_341' title='bbox 564 4312 748 4380; x_wconf 83' lang='lat' dir='ltr'><strong>Miuuortia</strong></span> <span class='ocrx_word' id='word_1_342' title='bbox 766 4320 922 4380; x_wconf 77' lang='lat' dir='ltr'><strong>moutam</strong></span> <span class='ocrx_word' id='word_1_343' title='bbox 940 4312 1005 4378; x_wconf 88' lang='grc' dir='ltr'><strong>ΜΒ.</strong></span> <span class='ocrx_word' id='word_1_344' title='bbox 1023 4313 1049 4395; x_wconf 89' lang='grc' dir='ltr'><strong>Ι,</strong></span> <span class='ocrx_word' id='word_1_345' title='bbox 1069 4335 1101 4400; x_wconf 95' lang='lat' dir='ltr'><strong>p.</strong></span> <span class='ocrx_word' id='word_1_346' title='bbox 1118 4310 1172 4380; x_wconf 82' lang='lat'><strong>90.</strong></span> <span class='ocrx_word' id='word_1_347' title='bbox 1194 4310 1276 4376; x_wconf 81' lang='lat' dir='ltr'><strong>Min.</strong></span> <span class='ocrx_word' id='word_1_348' title='bbox 1291 4313 1484 4398; x_wconf 79' lang='lat' dir='ltr'><strong>campestris</strong></span> <span class='ocrx_word' id='word_1_349' title='bbox 1495 4329 1542 4378; x_wconf 88' lang='lat' dir='ltr'><strong>uc.</strong></span> 
     </span>
    </p>
   </div>
   <div class='ocr_carea' id='block_1_13' title="bbox 266 4399 777 4490">
    <p class='ocr_par' dir='ltr' id='par_1_14' title="bbox 266 4399 777 4490">
     <span class='ocr_line' id='line_1_40' title="bbox 266 4399 777 4490; baseline -0.002 -22"><span class='ocrx_word' id='word_1_350' title='bbox 266 4401 380 4468; x_wconf 87' lang='lat' dir='ltr'><strong>Prodr.</strong></span> <span class='ocrx_word' id='word_1_351' title='bbox 403 4401 429 4484; x_wconf 91' lang='lat' dir='ltr'><strong>l,</strong></span> <span class='ocrx_word' id='word_1_352' title='bbox 450 4423 482 4490; x_wconf 94' lang='lat' dir='ltr'><strong>p.</strong></span> <span class='ocrx_word' id='word_1_353' title='bbox 506 4399 572 4468; x_wconf 80' lang='lat'><strong>380</strong></span> <span class='ocrx_word' id='word_1_354' title='bbox 591 4422 655 4468; x_wconf 95' lang='lat' dir='ltr'><strong>non</strong></span> <span class='ocrx_word' id='word_1_355' title='bbox 677 4402 777 4470; x_wconf 83' lang='lat' dir='ltr'><strong>Loelll.</strong></span> 
     </span>
    </p>
   </div>
   <div class='ocr_carea' id='block_1_14' title="bbox 269 4503 1542 4682">
    <p class='ocr_par' dir='ltr' id='par_1_15' title="bbox 269 4503 1542 4682">
     <span class='ocr_line' id='line_1_41' title="bbox 311 4503 1542 4582; baseline -0.002 -16"><span class='ocrx_word' id='word_1_356' title='bbox 311 4507 389 4566; x_wconf 87' lang='lat' dir='ltr'><strong>Hab.</strong></span> <span class='ocrx_word' id='word_1_357' title='bbox 410 4509 438 4566; x_wconf 94' lang='lat' dir='ltr'><strong>in</strong></span> <span class='ocrx_word' id='word_1_358' title='bbox 456 4507 582 4568; x_wconf 86' lang='lat' dir='ltr'><strong>collibus</strong></span> <span class='ocrx_word' id='word_1_359' title='bbox 601 4505 864 4582; x_wconf 68' lang='lat' dir='ltr'><strong>lapidosisLyciae</strong></span> <span class='ocrx_word' id='word_1_360' title='bbox 879 4508 917 4566; x_wconf 87' lang='lat' dir='ltr'><strong>ad</strong></span> <span class='ocrx_word' id='word_1_361' title='bbox 936 4507 1051 4566; x_wconf 76' lang='lat' dir='ltr'><strong>ulman</strong></span> <span class='ocrx_word' id='word_1_362' title='bbox 1070 4505 1249 4582; x_wconf 82' lang='lat' dir='ltr'><strong>(Bourgl),</strong></span> <span class='ocrx_word' id='word_1_363' title='bbox 1279 4503 1390 4566; x_wconf 74' lang='lat' dir='ltr'><strong>Cilicia</strong></span> <span class='ocrx_word' id='word_1_364' title='bbox 1408 4507 1542 4565; x_wconf 84' lang='lat' dir='ltr'><strong>littoralis</strong></span> 
     </span>
     <span class='ocr_line' id='line_1_42' title="bbox 269 4588 1103 4682; baseline 0.001 -28"><span class='ocrx_word' id='word_1_365' title='bbox 269 4588 378 4674; x_wconf 80' lang='lat' dir='ltr'><strong>(Ball),</strong></span> <span class='ocrx_word' id='word_1_366' title='bbox 398 4597 517 4658; x_wconf 75' lang='lat' dir='ltr'><strong>Tauria</strong></span> <span class='ocrx_word' id='word_1_367' title='bbox 536 4597 737 4658; x_wconf 83' lang='lat' dir='ltr'><strong>meridionalis</strong></span> <span class='ocrx_word' id='word_1_368' title='bbox 757 4598 832 4682; x_wconf 80' lang='grc' dir='ltr'>(ΜΒ.</span> <span class='ocrx_word' id='word_1_369' title='bbox 851 4594 961 4676; x_wconf 73' lang='lat' dir='ltr'><strong>Stcvll.</strong></span> <span class='ocrx_word' id='word_1_370' title='bbox 980 4596 1024 4654; x_wconf 80' lang='lat' dir='ltr'><strong>Fl.</strong></span> <span class='ocrx_word' id='word_1_371' title='bbox 1042 4604 1103 4656; x_wconf 82' lang='lat' dir='ltr'><strong>aest.</strong></span> 
     </span>
    </p>
   </div>
   <div class='ocr_carea' id='block_1_15' title="bbox 0 0 1624 5204">
    <p class='ocr_par' dir='ltr' id='par_1_16' title="bbox 0 0 1624 5204">
     <span class='ocr_line' id='line_1_43' title="bbox 0 0 1624 5204; baseline 0 0"><span class='ocrx_word' id='word_1_372' title='bbox 0 0 1624 5204; x_wconf 95' lang='lat' dir='ltr'><strong> </strong></span> 
     </span>
    </p>
   </div>
  </div>
 </body>
</html>
