3228 5204
761 379 765 388 '
854 381 919 451 778

707 645 732 760 §b
746 644 778 712 9.
805 642 1066 713 Pleiandrae.

526 849 544 884 Ι
568 851 656 912 Folia
674 851 846 927 vaginantia
863 849 1086 910 horizonlaliter
1102 855 1251 910 auocata.

291 1046 333 1112 Τ.
346 1048 508 1116 stricta
526 1046 640 1117 (Boiss.
663 1045 776 1132 Diagn.
797 1047 867 1114 Ser.
891 1047 931 1127 ll,
954 1047 995 1128 ΙΙ,
1017 1067 1050 1134 p.
1070 1045 1127 1132 57)
1146 1046 1272 1132 glabra,
1294 1047 1433 1131 glauca,
1457 1045 1541 1112 loliis

248 1144 335 1198 arcte
361 1134 585 1218 vaginantibus
612 1135 850 1222 angustissimis
880 1135 1022 1202 breviter
1053 1147 1084 1200 cl
1114 1135 1251 1222 abrupte
1283 1134 1539 1214 mucronulatis‚

249 1221 384 1288 racemis
412 1223 601 1309 paniculatis
628 1224 794 1291 sessilibus
821 1223 1009 1310 gracillimis
1037 1223 1127 1304 laxis,
1161 1222 1301 1290 bracteis
1320 1222 1540 1307 triangulari·

248 1309 416 1376 cucullatis
436 1311 537 1377 acutis
558 1311 636 1378 ssore
656 1313 820 1380 subsessili
841 1311 1066 1390 brevioribus,
1087 1311 1199 1400 petalis
1219 1310 1541 1398 oblongo-elliptic'u

248 1398 494 1464 conniventibus
524 1401 613 1488 apice
644 1401 774 1488 patulis,
807 1399 887 1467 disci
913 1399 995 1468 lobis
1020 1399 1062 1466 tlt
1081 1399 1113 1466 in
1139 1399 1303 1466 filamenta
1328 1399 1400 1466 basi
1431 1400 1541 1467 subla-

248 1483 332 1638 ξυνα
352 1487 562 1570 abeuntibus,
584 1489 788 1574 stigmatibus
808 1489 912 1555 tribus
931 1487 1180 1571 subsessilibus,
1200 1487 1342 1575 capsulis
1363 1488 1541 1554 bilineari-

272 1594 309 1640 us
328 1583 359 1654 5.

293 1680 370 1739 Hab.
391 1682 419 1738 in
435 1681 606 1742 Belulsolvifa
625 1674 795 1766 (Stocksll.

292 1784 382 1845 Facie
400 1791 430 1845 et
447 1787 668 1848 characteribus
686 1787 782 1846 affinis
800 1787 829 1848 Τ.
848 1787 1023 1862 articulata,
1051 1787 1090 1846 ab
1109 1789 1145 1846 θεῖ
1162 1791 1270 1861 praeter
1296 1802 1461 1844 sumerum
1485 1797 1540 1844 sta-

249 1876 357 1934 minum
384 1875 463 1935 foliis
485 1877 672 1938 brevioribus
700 1895 786 1938 secus
813 1878 944 1935 ramulos
963 1877 1127 1936 crassiores
1146 1875 1377 1950 remotioribus,
1409 1878 1543 1935 racemis

248 1965 422 2041 laxioribus,
442 1963 630 2040 stigmatibus
647 1968 858 2027 subsessilibus
876 1967 1026 2027 distincta.

291 2061 348 2126 Ar.
369 2064 492 2144 (leoga.
517 2067 597 2128 Ditis
615 2067 735 2128 Scinde.

489 2317 507 2353 Ι
531 2318 549 2354 ⁴*
573 2319 659 2379 Folia
675 2320 905 2394 amplexicaulia
923 2320 970 2378 vel
987 2317 1282 2394 subamplexicaulia.

291 2529 332 2594 Τ.
357 2527 697 2613 amplexieaulis
729 2527 886 2614 (Ebvenb.
909 2527 969 2592 loc.
995 2525 1048 2591 cit.
1074 2546 1103 2612 p.
1126 2523 1205 2612 275)
1235 2524 1370 2610 glabra5
1401 2527 1536 2611 glauca.

247 2614 331 2681 loliis
351 2615 439 2682 valde
460 2615 792 2704 impresso-punctalis
812 2613 1096 2702 amplexicaulibus
1116 2613 1461 2696 deltoideo-cordatis‚
1485 2635 1535 2680 ra·

246 2699 345 2770 comis
365 2702 589 2770 terminalibus
609 2702 863 2792 subpaniculatis
881 2701 1083 2769 densissimis
1103 2701 1238 2782 erectis,
1270 2701 1414 2767 bracteis
1449 2704 1534 2790 caly-

246 2812 316 2856 cem
348 2791 551 2878 aequantibus
582 2792 747 2879 pediccllis
777 2790 976 2858 brevissimis
1008 2789 1128 2878 pluries
1157 2789 1382 2874 longioribus,
1418 2792 1535 2878 petalis

246 2879 409 2966 ellipticis,
436 2879 516 2948 disci
539 2879 619 2948 lobis
639 2881 681 2946 to
702 2879 734 2946 in
754 2879 915 2946 filamenta
937 2878 1145 2959 abeuntibus,
1178 2879 1323 2944 antlveris
1342 2878 1537 2976 apiculatisl

244 2967 332 3056 stylis
351 2967 498 3035 ovarium
518 2967 688 3035 dimidium
709 2969 926 3057 aequantibus,
947 2967 1086 3055 capsulis
1106 2965 1319 3033 bilinearibus
1338 2977 1370 3046 5.

292 3077 368 3136 Hab.
384 3077 412 3134 in
431 3075 503 3135 Oasi
519 3076 603 3135 Jovis
621 3077 773 3136 Ammonis
791 3077 820 3134 in
836 3077 971 3153 AEgypto
992 3069 1168 3157 (Ebrenb.).

247 3178 316 3351 (NA
334 3179 490 3344 spplo'pebus
515 3179 707 3254 sequentibus
735 3180 822 3255 stylis
852 3178 998 3254 elongatis
1028 3186 1058 3238 et
1087 3177 1217 3253 capsulis
1248 3177 1369 3235 minutis
1388 3177 1538 3236 distincta

291 3285 328 3326 on
346 3285 375 3326 vv
398 3287 430 3327 1.

286 3515 327 3582 T.
351 3513 687 3601 passerinoides
719 3513 807 3600 (Del.
831 3512 887 3598 Eg.
911 3512 1029 3577 lllustr.
1059 3523 1096 3576 n⁰
1116 3509 1201 3596 35⁶2)
1232 3511 1364 3597 glabra,
1398 3513 1534 3596 glauca,

243 3601 327 3670 loliis
347 3601 437 3668 valvle
456 3602 639 3688 impresso·
652 3601 812 3689 punctalis
833 3599 1181 3686 subamplexicaulibns
1201 3599 1360 3680 cordatis,
1388 3602 1535 3668 racemis

244 3689 484 3777 spicilormibus
504 3690 729 3771 densiusculis,
751 3688 889 3755 bracteis
901 3687 1074 3776 pedicellos
1088 3688 1196 3763 calyce
1210 3687 1345 3754 dimidio
1359 3688 1535 3756 breviores

245 3780 345 3845 multo
365 3778 607 3866 superantibus
662 3778 752 3845 etalis
775 3776 1043 3864 ovato-ellipticis‚
1074 3761 1152 3842 disci
1175 3775 1258 3843 lobis
1277 3775 1384 3843 tlt-ta
1403 3777 1441 3843 in
1465 3779 1535 3844 lila-

246 3877 353 3932 menta
366 3867 572 3944 abeuntibus,
591 3801 734 3934 milleris
754 3865 934 3954 apiculatis‚
956 3864 1044 3952 stylis
1063 3863 1263 3934 brevissimis
1281 3867 1330 3930 vel
1349 3865 1554 3949 subnullis‚.

245 3955 384 4042 capsulis
404 3953 464 4022 3-4
482 3954 660 4021 linearibus
683 3969 712 4032 5.
750 3955 905 4020 Taenaria
922 3973 1123 4041 pycnocorpo
1151 3971 1201 4018 no.
1225 3951 1339 4019 Protir.
1365 3953 1392 4034 l,
1413 3975 1451 4041 p.
1477 3954 1532 4020 97.

250 4043 449 4198 Tra'5obourus
469 4043 695 4110 Aeschrionem
716 4053 747 4109 et
771 4043 824 4108 Tr.
844 4063 1066 4130 pycnocorpus
1085 4041 1241 4108 Decaisne
1267 4041 1300 4107 in
1324 4041 1416 4130 lacq.
1447 4043 1530 4134 Voy.

292 4238 367 4296 Hab.
387 4239 415 4296 in
440 4237 575 4312 AEgypto
595 4238 632 4294 ad
652 4235 743 4296 Oasin
770 4237 854 4295 Jovis
877 4236 1033 4295 Ammonis
1061 4233 1203 4313 (Ebrenb.
1226 4255 1261 4295 ex
1279 4237 1367 4315 Bge),
1386 4237 1533 4314 Mesopo-

246 4329 338 4387 lamia
365 4329 404 4386 ad
432 4328 615 4401 Babylonem
635 4322 750 4407 (Aucb.
775 4345 837 4387 exs.
862 4320 989 4410 afflat)
1010 4332 1039 4385 et
1067 4344 1161 4400 prope
1187 4328 1312 4402 Bagdad
1338 4333 1369 4386 et
1394 4327 1534 4387 Bassora

247 4416 348 4495 (Olivl
368 4415 475 4495 Nost),
497 4416 524 4473 in
544 4417 640 4475 insula
653 4415 871 4490 Ogurtschinslv
884 4417 921 4474 ad
938 4417 1020 4474 littus
1034 4418 1138 4475 orient.
1152 4414 1254 4493 Caspii
1267 4416 1372 4494 (Karel
1386 4436 1423 4476 ex
1440 4417 1533 4494 Bge),

252 4507 358 4565 Persia
373 4508 440 4566 bor.
460 4507 499 4565 ad
519 4506 685 4566 Husseinon
705 4500 865 4592 (Buhset),
890 4506 1027 4565 orientali
1046 4497 1209 4586 (Bungel),
1229 4506 1348 4566 australi
1366 4508 1406 4565 ad
1423 4506 1534 4567 Sinum

248 4596 400 4655 Persicum
418 4589 527 4677 (llucb.
545 4613 607 4655 ess.
625 4583 758 4676 moal).
775 4595 934 4672 Affghania
951 4595 1048 4656 occid.
1065 4583 1229 4676 (Bangel).
