3228 5204
684 330 746 399 nn

124 469 171 528 An
190 473 321 532 varietas
338 474 555 548 praecedentis?
579 476 617 534 ab
638 477 673 534 ed
691 479 789 534 tamen
810 475 907 534 differt
933 475 1033 534 radice
1057 475 1247 550 personanti,
1273 475 1362 534 ramis

66 557 193 618 inferne
213 563 305 620 dense
323 561 446 638 foliosis,
460 564 544 623 loliis
563 565 754 624 inferioribus
772 571 801 623 et
819 566 922 640 calyce
943 565 1074 624 breviter
1089 565 1232 624 cristatis.

120 810 167 877 P.
181 811 388 882 echinata
408 813 505 896 (ilasi.
522 815 582 880 riti.
606 815 631 895 l,
653 835 683 901 p.
700 813 765 880 add
785 815 844 880 sub
859 811 1024 900 illecebra)
1044 811 1239 912 pubescens,
1262 809 1361 876 ramis

68 897 196 982 patulis
215 899 263 964 vel
283 901 531 969 ascendentibus
551 902 683 988 rigidis,
706 903 790 969 soliis
810 900 1070 986 ovato-oblongis
1090 899 1193 966 acutis
1213 897 1361 984 margine

68 984 475 1072 denticulato-scabridis,
496 990 685 1076 glomerulis
705 991 813 1058 densis
833 991 872 1058 ad
893 988 1001 1056 axillas
1022 986 1359 1078 pseudoverticillatiS,

70 1073 219 1142 bracteis
238 1076 423 1145 lanceolatis
443 1079 635 1146 acuminatis
654 1079 789 1147 ssoribus
808 1077 1034 1162 brevioribus,
1050 1077 1172 1166 ,calpcis
1192 1076 1261 1142 basi
1282 1075 1359 1141 hirti

71 1163 271 1230 urceolatim
301 1167 455 1234 contracti
487 1167 612 1236 laciniis
639 1189 653 1233 s
677 1168 828 1236 athulatis
854 1167 915 1235 sub
934 1165 1025 1254 apice
1046 1175 1194 1233 truncato
1213 1165 1309 1250 longe
1330 1175 1361 1230 ct

72 1251 189 1336 patule
209 1253 357 1321 aristatis.
385 1254 442 1322 Ill.
457 1261 622 1343 catumeum
662 1257 741 1324 mith
762 1257 877 1324 Prodr.
899 1254 946 1321 Fi.
968 1255 1024 1322 Gr.
1048 1254 1073 1336 l,
1095 1275 1127 1342 p.
1151 1252 1216 1321 163
1236 1273 1300 1320 non
1321 1252 1356 1318 L.

74 1337 129 1404 Fl.
151 1339 205 1408 Gr.
227 1341 292 1408 tab.
315 1342 391 1411 255.

124 1445 201 1506 Hab.
213 1447 242 1504 in
261 1451 394 1508 arenosis
408 1451 563 1510 maritimis
581 1451 677 1511 Cretae
693 1444 747 1536 (ex
763 1443 973 1535 sicto.),t1oti
993 1450 1096 1508 insulse
1108 1447 1159 1526 (ex
1175 1448 1273 1526 Urv.).
1286 1445 1359 1512 ,Non

71 1545 151 1604 virli.

123 1645 181 1708 Ar.
207 1657 329 1726 (teogr.
359 1654 465 1712 Insulae
482 1652 604 1713 Madera
628 1661 656 1713 et
673 1653 891 1724 (lanarieuscs,
915 1652 1077 1728 Hispania,
1098 1651 1197 1712 Gallia
1216 1657 1246 1708 et
1271 1649 1358 1708 ltalia

71 1740 233 1814 australes,
255 1741 355 1801 Africa
373 1744 511 1803 borealis.
632 1733 641 1754 ⁸

451 1985 693 2060 tttncuntttttt
721 1987 766 2082 (t.
790 1987 864 2062 Gen.
892 1989 982 2084 290).

123 2183 218 2271 Calyx
240 2181 363 2249 laciniis
383 2182 403 2248 5
423 2182 604 2272 spongiosis
629 2205 647 2250 a
672 2185 771 2251 latere
796 2186 990 2272 compressis
1014 2187 1110 2252 dorso
1134 2185 1168 2250 in
1192 2181 1360 2270 cuspidem

76 2270 278 2338 abeuntibus
298 2273 395 2338 latere
416 2271 563 2338 interiori
583 2272 744 2339 concavis.
768 2273 875 2340 Petala
891 2273 1067 2341 filiiormia.
1089 2271 1230 2339 Stamina
1244 2269 1264 2336 5
1277 2270 1360 2336 lausi

76 2359 200 2448 calycis
220 2360 350 2426 inserta.
374 2359 528 2446 Stigmata
544 2359 774 2428 bsubsessilia.
800 2362 962 2429 Utricuius
975 2363 1242 2428 membranaceus
1255 2360 1360 2446 calyce

78 2448 226 2515 inclusus
246 2447 523 2533 longitudinaliter
542 2449 683 2517 sulcatus
702 2449 829 2518 inferne
849 2472 942 2518 sectis
962 2453 1068 2518 sulcos
1092 2451 1125 2517 in
1150 2448 1283 2516 lacinias
1303 2448 1359 2513 de-

39 2542 43 2546 ’
76 2537 221 2604 hiscens.
242 2577 286 2585 —
307 2536 415 2604 Herba
434 2537 550 2624 pusilla
569 2537 796 2625 oppositilolia.

126 2775 157 2840 1.
176 2777 500 2844 verticillatum
520 2775 570 2862 (L.
593 2776 646 2863 Sp.
669 2775 748 2863 598)
769 2779 930 2864 glabrum,
953 2779 1099 2846 caulibus
1142 2777 1361 2845 rocumhcnti-

78 2861 141 2926 bus
161 2861 367 2930 filisormibus
388 2863 494 2930 abasi
514 2863 685 2947 floriferis,
713 2867 797 2934 loliis
817 2866 962 2934 obovalis
981 2867 1103 2934 obtusis
1119 2799 1192 2933 basi
1213 2876 1361 2933 attenua-

78 2950 146 3105 5¹55
157 2951 315 3019 fasciculis
334 2951 389 3018 ta
408 2951 499 3019 doris
518 2953 557 3020 ad
578 2953 688 3020 axillas
708 2955 1027 3043 pseudoverticillatis
1052 2965 1102 3036 Θ.
1125 2954 1170 3021 Fi.
1192 2955 1270 3021 llan.
1292 2955 1358 3022 tab.

125 3148 202 3206 liab.
226 3149 255 3204 iu
283 3148 432 3222 argillosis
452 3149 579 3209 humidis
598 3151 701 3210 insulae
725 3151 865 3228 Corcyra
880 3154 994 3229 (Breila
1013 3172 1049 3213 ox
1067 3153 1180 3212 Berlol.
1201 3150 1246 3211 ill.
1266 3149 1355 3231 Ital).

124 3245 185 3304 Ar.
211 3243 334 3324 Geogr.
359 3248 468 3308 Insulas
483 3249 606 3308 Medera
623 3258 652 3308 ot
666 3249 880 3334 ‚Canaricnsea
900 3253 1021 3328 Europa
1038 3255 1185 3314 occident.
1209 3271 1302 3328 usque
1319 3254 1357 3311 ad

76 3337 269 3397 Germaniam
286 3343 315 3396 et
332 3338 458 3415 italiam,
477 3337 580 3399 Africa
595 3340 881 3402 bor-occidentalis.

297 3583 330 3670 β.
356 3581 496 3642 Ovarinm
509 3583 576 3642 basi
593 3599 658 3642 cum
676 3582 797 3642 urceolo
816 3583 954 3658 calycino
972 3589 1137 3644 cannatum.

575 3819 859 3895 alhntctnrtnt

407 3958 539 4050 (llorsl.
562 3956 668 4030 llescr.
698 3955 752 4042 db,
781 3953 825 4028 lc.
852 3955 916 4028 tab.
946 3953 1015 4045 itt).

119 4189 214 4288 Calpi
234 4189 413 4255 herbaceus
433 4189 547 4278 phyllis
567 4188 588 4254 5
607 4188 675 4256 basi
703 4189 734 4254 in
755 4190 921 4255 urceolum
948 4189 1094 4256 connatis
1121 4190 1211 4276 apice
1238 4189 1357 4256 subcu-
1447 4201 1449 4204 ’

77 4279 200 4345 cullatrs
222 4276 318 4343 dorso
339 4277 478 4344 breviter
498 4277 664 4376 apiculatis
684 4277 815 4342 domum
836 4275 1006 4344 induratis.
1042 4277 1148 4343 Petale
1173 4277 1193 4344 5
1217 4287 1353 4344 sctacea.

78 4365 219 4433 Stamina
239 4364 259 4430 5
280 4365 361 4432 leuci
383 4365 500 4454 calpcis
519 4376 639 4432 inserta
665 4365 734 4451 ejus
759 4364 884 4432 laciniis
909 4366 1066 4453 opposita.
1100 4365 1203 4454 Stplus
1225 4367 1354 4452 elonga-

77 4467 137 4536 tus,
160 4455 309 4538 stigmata
331 4454 392 4521 tria
412 4453 553 4521 breviter
572 4453 747 4520 lililormia.
776 4452 927 4520 Ovarium
948 4453 1072 4534 sessile,
1094 4455 1189 4520 ovulo
1209 4475 1246 4519 ex
1267 4454 1356 4542 apice

76 4543 208 4609 funiculi
230 4543 379 4610 basilaris
398 4543 492 4609 liberi
513 4543 687 4630 compressi
708 4542 861 4630 pendulo.
897 4541 1061 4609 Utricuius
1089 4543 1355 4609 membranaceus
