3236 5204
865 377 930 446 686

252 541 330 588 num
350 539 506 600 numero,
527 519 707 606 petalorum
728 539 802 584 cum
823 518 931 606 calyce
952 517 1182 605 proportione,
1205 517 1324 607 calycis
1345 529 1375 584 et
1396 519 1534 606 capsula

255 611 358 676 iorma
378 620 410 675 et
429 606 630 692 longitudino
651 607 732 674 mire
752 605 892 688 varians.
915 605 1048 674 Formas
1068 607 1172 694 magis
1192 607 1385 674 notabilesa
1405 607 1536 690 grandi·

254 698 343 764 lloris
373 699 411 764 ad
444 695 642 764 micrantlias
672 716 831 762 enumero
862 715 999 762 monens
1030 717 1084 763 eas
1109 695 1315 763 intermediis
1346 697 1537 784 conjunctas

254 808 336 854 esse.

298 931 330 968 α.
352 898 506 986 penulam.
529 895 666 977 Glabra,
687 894 809 974 eflusa,
841 894 915 961 lolia
937 895 1096 982 rigidula,
1117 895 1265 983 pedicelli
1287 897 1395 986 calyce
1415 897 1536 984 pluries
1604 919 1605 924 ¹

253 987 428 1074 longiores,
449 985 555 1076 petala
574 985 682 1072 calyce
702 983 926 1066 subbreviora,
947 983 1084 1051 stamina
1103 983 1222 1072 saepius
1241 984 1303 1066 lll,
1330 986 1467 1073 capsula
1486 1007 1536 1052 ca-
1603 935 1605 1040 i

254 1077 321 1164 lyce
340 1075 480 1164 longior.
505 1073 606 1140 uehn.
629 1073 683 1160 sig.
706 1071 805 1140 4916.

298 1182 374 1242 Hab.
400 1183 429 1240 in
457 1180 591 1240 arenosis
614 1179 779 1253 prasertim
806 1180 953 1238 montanis
982 1177 1136 1254 Graciael,
1165 1180 1310 1240 Anatoliss
1341 1181 1372 1238 in
1396 1180 1539 1257 Bithynii
1605 1157 1606 1176 ἶ

253 1269 419 1356 (Grisebil,
438 1270 535 1348 Lycii
552 1265 709 1352 (Bourgl),
732 1269 846 1328 Taurii
863 1275 893 1327 et
917 1269 1053 1330 Caucaso
1073 1261 1195 1348 (MBl),
1214 1269 1302 1346 Syria
1320 1271 1351 1328 in
1371 1271 1496 1330 Libano
1512 1279 1538 1328 et

250 1361 290 1420 ad
310 1361 488 1422 Damascum
505 1358 597 1440 (Gaill
610 1355 642 1438 i),
662 1359 821 1434 Alighaniai
839 1353 932 1442 (aria
939 1348 976 1438 l).
996 1359 1042 1418 Pl.
1064 1377 1142 1418 uero.

295 1473 330 1558 β.
353 1470 580 1558 moeropetolu.
604 1469 728 1551 Eilusa,
751 1467 946 1551 divaricata,
973 1469 1048 1536 lolia
1068 1469 1230 1551 flexuosa,
1258 1469 1409 1557 pedieclli
1432 1471 1539 1558 calyce

251 1560 369 1650 saepius
389 1559 474 1626 liirto
494 1559 616 1646 pluries
628 1558 803 1643 longiores
819 1559 923 1646 petala
935 1557 1078 1646 calycem
1094 1557 1256 1646 mqiiantia
1269 1560 1316 1624 vel
1330 1559 1538 1646 superantia,

251 1649 389 1715 stamina
419 1648 536 1734 saepius
567 1645 610 1714 lli
642 1647 786 1714 antheris
817 1645 995 1734 saepissime
1025 1645 1196 1728 violaceis,
1229 1648 1360 1734 capsula
1393 1648 1538 1736 calycem

249 1757 395 1826 aequans.
417 1737 457 1804 A.
480 1737 679 1824 Mesogituna
699 1735 801 1803 Boiss.
824 1735 938 1819 lliagn.
961 1734 1030 1800 Ser.
1054 1735 1083 1818 l,
1107 1735 1133 1818 l,
1154 1755 1185 1822 p.
1208 1733 1263 1800 45.

294 1843 370 1903 Hab.
391 1845 437 1902 in·
446 1843 592 1918 glareosis
615 1845 761 1902 montanis
791 1843 939 1902 Anatoliae
967 1843 996 1901 in
1024 1849 1124 1902 monte
1146 1843 1260 1918 Mesngi
1289 1862 1385 1919 snpra
1414 1843 1537 1903 Tralles

249 1933 403 2011 (Boissi),
426 1935 455 1992 in
473 1933 608 1993 arenosis
628 1933 781 1992 maritimis
798 1933 836 1990 ad
853 1931 963 1992 Adalia
979 1931 1163 2008 Pamphylia
1180 1929 1300 2014 (Heldrl
1313 1933 1339 2012 l,
1358 1935 1390 1993 in
1410 1935 1538 1994 collibus

249 2023 287 2082 ad
304 2024 421 2099 Aleppo
442 2023 503 2098 ,Ity
521 2041 581 2082 aas.
599 2019 680 2083 tat!
700 2021 820 2082 Hausslr
832 2017 863 2101 l),
883 2022 922 2082 ad
939 2021 1103 2096 Barythnm
1122 2029 1151 2081 et
1168 2022 1309 2083 Sidonem
1328 2023 1398 2102 (ΒΗ
1411 2017 1536 2107 Gaillt),

250 2113 279 2172 in
299 2113 458 2173 Palaestini
473 2113 574 2182 (Boias
586 2111 618 2188 l).

249 2215 1535 2406 ..enituitiiiltidttlttllttilli-titii?tailliatae

250 2396 434 2464 acuminata
454 2416 609 2462 mucrone
630 2395 793 2462 interdum
813 2393 963 2481 obliquo,
985 2405 1123 2461 stamma
1143 2414 1262 2482 saeprus
1281 2417 1404 2482 quina,
1455 2395 1533 2461 atala

249 2486 356 2574 calyce
375 2483 435 2552 aa
454 2485 507 2572 plo
525 2482 674 2550 breviora
693 2482 858 2549 iuterdum
871 2481 969 2549 nulla.
985 2482 1025 2549 A.
1041 2491 1233 2550 mucronato
1244 2481 1347 2551 Sibth.
1364 2483 1414 2550 Fl.
1430 2416 1529 2551 graec
1607 2521 1608 2554 π

250 2573 314 2640 tab.
338 2571 403 2642 293
421 2593 486 2640 non
507 2572 599 2640 alior.
615 2611 658 2624 -
678 2571 717 2638 A.
742 2570 915 2658 tenoilolt'o
940 2589 1008 2637 var.
1029 2571 1201 2638 maritimo
1227 2571 1328 2640 Boias.
1359 2584 1393 2639 et
1419 2571 1527 2640 lleldr.
1607 2589 1608 2598 ³

250 2660 363 2748 Diagn.
392 2661 460 2730 Ser.
485 2661 511 2746 l,
532 2659 615 2744 Vlll,
637 2681 669 2750 p.
692 2657 747 2727 95.
762 2697 805 2706 -
824 2659 867 2726 A.
888 2659 1032 2744 conserto
1050 2659 1173 2727 lordan
1193 2657 1273 2748 Pug.
1607 2669 1608 2684 ¹

294 2769 371 2829 Hab.
400 2771 430 2828 in
457 2771 580 2843 regione
609 2767 742 2826 inferiori
774 2767 917 2826 Pentelici
942 2773 972 2826 et
995 2767 1134 2826 Parnassi
1165 2763 1284 2843 (Heldr.
1309 2767 1395 2827 herb.
1426 2767 1528 2828 Norm.
1607 2769 1609 2856 ζ

248 2849 359 2936 6081),
378 2859 521 2934 Argolide
541 2857 691 2934 (Sprnnl),
711 2857 740 2914 in
761 2855 914 2920 maritimis
935 2854 1029 2916 Oratae
1047 2855 1155 2934 (Heldr
1172 2853 1205 2936 l),
1225 2855 1375 2916 Anatolim
1393 2857 1525 2935 (Sibth.),
1607 2865 1609 2906 l

249 2947 344 3023 Syria
359 2948 497 3008 littoralis
517 2947 563 3025 (Bl
577 2947 608 3024 l).
1607 2955 1608 2976 1

294 3057 324 3156 d:
343 3053 561 3156 Orphnuidic
572 3051 1008 3152 Eliusa,·glanduloso·lrirta‚
1023 3053 1099 3121 lolia
1115 3053 1304 3120 brevissima
1317 3054 1529 3155 subrecurva,

248 3144 397 3232 pedicelli
425 3144 581 3229 elongati,
610 3151 748 3208 stamina
767 3139 823 3222 ill,
844 3140 949 3229 petala
968 3151 1059 3208 ovata
1084 3143 1193 3230 calyce
1220 3141 1337 3209 triente
1364 3143 1529 3225 breviora,
1607 3163 1609 3226 ζ

248 3233 378 3408 {apppla
397 3231 503 3321 calyce
522 3229 638 3297 triente
656 3227 794 3315 longior.
818 3227 1317 3317 A.Orpl1nnidisBoiss.Diagn.
1342 3229 1402 3298 Ser
1430 3231 1473 3314 ll,
1494 3231 1528 3313 ll,
1607 3233 1609 3322 l

292 3426 370 3486 Hah.
388 3425 418 3483 in
435 3424 643 3501 Peloponneso
659 3422 697 3480 ad
715 3420 849 3480 Vostitaa
865 3419 962 3498 (Orph
973 3420 1010 3498 l).

292 3567 317 3606 ε.
340 3535 471 3602 viscosa.
494 3533 609 3600 Stricta
628 3533 700 3620 plus
719 3531 827 3598 minus
847 3532 1055 3620 glandulosa‚
1083 3532 1182 3602 flores
1202 3534 1363 3616 minores,
1391 3536 1530 3603 stamina

246 3623 364 3714 saepius
380 3621 413 3704 5,
434 3623 564 3710 capsula
584 3622 682 3710 calyei
697 3619 953 3708 subaequilonga.
976 3619 1016 3686 A.
1035 3620 1307 3690 viscosnSchreb.
1322 3621 1409 3711 Spic.
1427 3623 1526 3690 Rchb.

246 3713 301 3801 sig.
323 3709 422 3780 toti.
437 3750 481 3761 -
500 3711 539 3778 A.
564 3711 704 3798 hybrida
721 3708 812 3776 iord.
837 3708 915 3795 Pug.
938 3729 970 3796 p.
993 3706 1047 3775 33.

291 3819 367 3879 Hah.
385 3819 413 3876 in
432 3816 579 3877 montanis
597 3813 730 3884 Graecia,
750 3813 900 3873 Parnasso
917 3819 947 3872 at
967 3813 1084 3874 Malevo
1104 3814 1225 3892 (Heldri
1246 3813 1380 3895 orphe),
1399 3815 1531 3878 Thracii

245 3907 409 3984 (Grisebl),
427 3907 575 3967 montibus
594 3903 705 3963 Lassiti
723 3903 819 3963 Oretae
833 3901 938 3981 (Heldr
949 3895 983 3986 l),
999 3902 1133 3979 Phrygia
1151 3903 1217 3984 (Bal
1230 3907 1262 3980 l),
1278 3903 1530 3986 Lyeiaiffleldrl),

243 3997 345 4057 Tauro
363 3995 488 4058 (lilinioo
511 3984 634 4078 (Ball),
652 3994 749 4052 insula
767 3991 898 4052 Oluntan
915 4009 1010 4068 propo
1028 3991 1185 4070 Smyrnam
1202 3993 1279 4074 (Bal.
1298 4011 1361 4055 exs.
1379 3993 1448 4058 {15
1476 3998 1529 4056 snb

245 4086 279 4146 A.
299 4087 414 4148 subtili.

297 4208 325 4277 ζ.
341 4195 457 4282 hydiu.
480 4191 599 4274 Effusa,
621 4211 706 4279 saepe
718 4189 906 4272 divaricata,
927 4187 1052 4276 glabra,
1073 4188 1170 4258 liores
1188 4191 1293 4280 parvi,
1313 4193 1402 4282 calyx
1417 4193 1530 4280 glaber

244 4287 293 4352 vel
312 4283 534 4372 glandulosus,
556 4279 694 4347 stamina
712 4277 831 4432 sapius
850 4275 885 4359 5,
903 4279 1012 4378 petala
1031 4279 1137 4367 calyce
1151 4279 1200 4346 vix
1211 4279 1374 4362 breviora,
1395 4283 1526 4370 capsula

245 4375 384 4463 ealycem
403 4389 548 4458 aequans.
569 4367 609 4435 A.
632 4367 738 4456 lydio
782 4385 859 4433 oiss.
875 4365 989 4454 Diagn.
1012 4365 1080 4432 Ser.
1104 4367 1144 4450 ll,
1167 4367 1194 4452 l,
1214 4391 1246 4458 p.
1270 4368 1324 4436 86.

288 4479 366 4539 Hah.
384 4478 414 4536 in
433 4475 580 4536 montibus
597 4476 635 4533 ad
653 4473 809 4548 Smyrnam
829 4469 970 4551 (Boissll,
991 4478 1090 4532 monte
1108 4471 1232 4548 Solyma
1249 4473 1351 4550 Lycia
1366 4471 1469 4554 (Heldr
1482 4463 1491 4534 l
1503 4479 1522 4547 l,

240 4569 367 4631 collibus
385 4565 567 4640 Pamphylia
584 4553 749 4642 (Halmii),
770 4567 867 4620 monte
884 4561 1000 4620 Elvend
1019 4561 1130 4621 Persia
1150 4561 1259 4644 (Anah.
1281 4582 1344 4624 exs.
1364 4561 1475 4642 6021).
