3242 5186
877 315 941 387 att

272 461 362 528 caule
382 459 528 527 caulibus
548 459 678 547 pumilis
698 459 813 536 erectis
833 458 1034 546 simplicibus
1055 458 1093 525 ad
1114 457 1238 545 apicem
1259 477 1361 544 usque
1382 455 1485 521 dense
1506 455 1522 520 f
1540 491 1552 502 -

274 549 375 649 liosis,
397 548 480 642 foliis
500 558 635 634 anguste
655 547 833 614 linearibus
853 547 1010 633 elongatis
1031 545 1251 628 acutiusculis‚
1271 541 1408 611 floribus
1430 543 1553 630 majus-

274 639 367 738 culis,
388 637 559 738 filamentis
578 635 758 725 majoribus
778 635 917 702 dilatatis
938 635 1116 718 edentulis,
1139 655 1268 701 racemo
1288 631 1459 698 fructifero
1479 630 1553 696 bre-

276 747 419 826 vissimo,
441 726 573 792 sibculrs
594 724 772 794 imbricatis
790 724 915 810 magnis
927 723 1116 791 orbiculatis
1129 724 1176 790 vel
1188 735 1368 789 transverse
1381 719 1554 786 latioribus

277 835 347 881 sinu
369 813 529 901 profundo
549 815 672 896 clauso,
693 815 775 901 stylo
795 812 984 879 brevissimo
1004 825 1033 888 5.

322 923 398 981 Hab.
418 923 446 980 iu
474 924 551 981 vallo
570 921 774 996 Karlibogltas
792 921 884 979 Tauri
900 918 1016 979 Cilicici
1032 921 1143 998 (Bali).
1162 935 1255 994 prope
1282 915 1427 976 Anascha
1445 912 1550 992 (Kyt),

278 1012 306 1068 in
323 1017 422 1070 monte
439 1011 611 1086 Berytdagh
628 1009 779 1070 Cataonia
792 1011 843 1068 alt.
864 1007 971 1072 7000’
991 1009 1122 1086 (Haussk
1133 1001 1171 1089 l).

325 1115 431 1174 Gaulos
449 1113 507 1175 23
521 1116 689 1189 pelliones,
710 1115 781 1173 folia
799 1111 859 1176 6·7
877 1114 970 1172 lineas
984 1113 1167 1189 iongelineae
1180 1105 1222 1191 Ἃ
1241 1111 1313 1180 lala,
1330 1107 1423 1166 flores
1437 1105 1552 1180 magnif.

278 1204 327 1263 Αἰ.
347 1205 526 1279 coridisolic'‚·
543 1203 666 1263 siliculsc
683 1201 744 1266 5-4
769 1205 862 1262 lineas
888 1205 986 1278 longao
1008 1205 1132 1278 lataeque
1156 1199 1363 1259 imbricatione
1381 1203 1414 1256 et
1443 1196 1554 1254 alarum

279 1295 432 1354 latitudine
451 1297 516 1354 illas
535 1295 582 1354 AE.
601 1295 785 1355 Buaboumii
807 1293 982 1352 referentes.

323 1528 384 1594 AE.
405 1527 653 1612 capitatum
678 1525 791 1612 (Boiss.
815 1535 846 1590 et
865 1523 930 1588 Bal.
954 1522 1065 1606 [liugn.
1088 1519 1156 1587 Ser.
1180 1519 1220 1600 ll,
1241 1517 1279 1594 ll,
1301 1539 1332 1604 p.
1355 1514 1414 1602 43)
1449 1512 1555 1579 multi-

280 1615 369 1681 caule
390 1615 537 1680 caulibus
556 1613 707 1680 brevibus
728 1611 941 1700 simplicibus
963 1609 1047 1676 loliis
1067 1605 1344 1692 lineari-oblongis
1361 1601 1555 1669 linearibus-

279 1723 342 1856 {pre
362 1701 514 1768 brevibus
533 1701 670 1785 obtusis,
690 1701 827 1769 floribus
844 1698 1075 1780 mediocribus,
1096 1694 1268 1762 filamentis
1287 1691 1471 1778 maioribus
1490 1689 1556 1756 basi

303 1791 410 1857 datatft
430 1789 590 1872 connatis,
612 1810 741 1857 racemo
758 1788 923 1856 fructifero
937 1788 1035 1853 dense
1050 1784 1202 1874 capitato,
1223 1781 1358 1850 siliculis
1377 1777 1558 1847 imbricatis

280 1878 533 1946 concaviusculis
552 1878 736 1946 obcordatis
756 1879 805 1945 ald
825 1877 953 1943 erosuld
971 1874 1125 1961 utrinqne
1138 1872 1243 1940 loculo
1256 1869 1377 1950 latiori,
1398 1868 1476 1934 sinu
1488 1887 1558 1954 pro-

282 1967 381 2033 fundo
400 1977 550 2053 angusto,
572 1967 720 2054 stigmate
740 1965 906 2034 subsessili
927 1977 955 2041 5.

326 2076 403 2136 Hab.
421 2077 449 2133 in
468 2075 590 2148 regione
607 2076 709 2152 alpini
726 2075 833 2134 mentis
851 2071 1020 2132 Asiandueh
1039 2069 1238 2146 Cappadocia
1256 2065 1379 2144 (Ball),
1398 2063 1429 2121 in
1461 2065 1559 2121 monte

283 2163 511 2238 Karamasdagh
530 2161 623 2246 (Ball,
646 2165 742 2224 forma
766 2163 889 2224 siliculis
908 2157 1151 2237 submajoribus).

328 2266 434 2325 Facies
452 2265 500 2324 AE.
518 2265 688 2342 vendibili,
707 2265 829 2324 silicnlae
845 2258 951 2343 22¹),
968 2263 1062 2320 lineas
1080 2257 1312 2333 longaelatceque
1325 2253 1459 2328 capitula
1470 2239 1561 2310 dens'a

287 2357 408 2434 magnit.
422 2357 565 2414 arettanae
579 2359 750 2431 formantes,
770 2353 829 2430 qui
846 2353 916 2412 notai
934 2360 963 2411 et
980 2349 1154 2410 staminibus
1171 2348 1208 2406 ab
1226 2345 1363 2404 affinibus
1380 2342 1559 2402 distinctius.

328 2594 389 2660 AE.
409 2593 641 2678 lignosum
673 2555 787 2674 (Boiss.
812 2597 841 2651 et
867 2584 1045 2669 llausslrn.)
1077 2579 1237 2666 lignosum
1264 2569 1466 2664 prostratum
1495 2583 1557 2638 tor·

286 2690 414 2746 tuosum
434 2678 533 2745 ramis
552 2675 734 2743 hornotinis
754 2673 919 2752 brevibus
952 2669 1035 2737 foliis
1061 2666 1213 2734 brevibus
1237 2663 1407 2731 latinscule
1428 2658 1557 2727 lineari-

285 2767 345 2834 bus
371 2766 507 2848 obtusis‚
541 2765 676 2832 floribus
703 2761 906 2852 majusculis
938 2755 1110 2824 filamentis
1140 2753 1318 2841 majoribus
1348 2749 1463 2817 liberis
1495 2745 1557 2813 basi

285 2855 425 2922 brevitet·
445 2865 476 2920 et
495 2855 630 2943 aluupte
650 2851 802 2932 dilatatis,
831 2869 959 2915 racemo
978 2845 1144 2912 fructifero
1164 2841 1316 2930 capitato,
1348 2838 1476 2906 silicula
1495 2835 1556 2922 (ju-

284 2943 383 3030 niori)
405 2944 578 3010 obeordata
598 2943 746 3030 stigmate
766 2937 931 3006 subsessili
955 2949 983 3012 5.

328 3052 404 3112 Hah.
434 3052 463 3108 in
492 3069 605 3111 summo
635 3054 734 3109 monte
751 3044 924 3122 Berytdagh
942 3043 1094 3102 Cataonia
1112 3041 1141 3098 in
1157 3037 1342 3112 rupestribus
1359 3036 1411 3094 alt.
1432 3028 1560 3096 8000'·

284 3136 388 3203 9000’
407 3139 582 3218 (Hausskt).

328 3245 413 3303 Remi
432 3243 553 3302 floriferi
572 3243 771 3318 bipollieares‚
787 3239 875 3297 flores
893 3253 990 3310 magn.
1011 3233 1059 3292 Αἰ.
1077 3229 1247 3304 condiselii,
1267 3227 1372 3301 sepala
1386 3239 1559 3285 roseo-mar·

285 3337 387 3408 giunta
406 3333 512 3408 petalis
530 3333 687 3408 purpureis
699 3329 820 3390 dimidio
836 3327 991 3400 breviora3
1008 3323 1135 3382 racemis
1147 3317 1308 3379 fructiferis
1326 3315 1466 3390 capitatis
1479 3312 1562 3370 affine

286 3423 465 3498 praeeedenti
482 3423 535 3481 sed
554 3423 701 3499 lignosum
721 3421 900 3494 prostratum
918 3419 947 3472 et
963 3413 1113 3471 filamentu
1131 3427 1190 3468 non
1210 3411 1354 3474 eennata3
1370 3403 1487 3464 silienla
1503 3417 1562 3459 ma·

286 3519 354 3572 tura
372 3513 567 3571 desideratur.
1423 3497 1424 3500 ’

331 3747 393 3814 AE.
408 3745 662 3832 speciosum
684 3739 798 3824 (lloiss.
823 3747 854 3801 et
874 3733 958 3798 fluet
977 3729 1089 3814 [liugn.
1113 3727 1181 3791 Ser.
1205 3723 1246 3805 ll,
1267 3723 1304 3804 V,
1327 3743 1360 3808 p.
1382 3721 1440 3804 leli)
1463 3715 1564 3784 multi·

287 3837 378 3901 caule
399 3835 550 3919 glaucum
570 3829 717 3896 caulibus
738 3824 869 3914 pumilis
889 3817 1089 3906 simplicibus
1110 3809 1374 3892 ascendentibus,
1397 3807 1479 3874 foliis
1498 3825 1564 3872 ova·

289 3923 329 3990 tis
349 3933 380 3988 et
400 3921 548 4008 oblongis
567 3912 810 3994 obtusiusculis,
831 3909 966 3978 floribus
983 3901 1182 3992 majusculis,
1204 3897 1379 3965 filamentis
1392 3893 1564 3983 majoribus

289 4011 359 4078 basi
386 4009 526 4075 dilatatis
552 4025 691 4093 superne
719 4002 854 4088 abrupte
882 3993 1069 4074 attenuatis,
1103 4009 1231 4055 racemo
1259 3985 1426 4052 fructifero
1454 3982 1565 4049 laxius-

292 4101 390 4178 cul0,
424 4097 548 4163 siliculd
578 4092 734 4181 pedicello
762 4087 882 4176 patenti
914 4086 960 4149 vel
995 4099 1131 4148 recurro
1162 4075 1292 4142 suffulti
1322 4074 1391 4140 basi
1423 4083 1451 4139 et
1482 4069 1565 4157 apice

294 4191 400 4254 retusi
434 4187 481 4251 ald
514 4181 788 4250 creneio-dentati
820 4175 925 4241 loculo
958 4165 1149 4254 angustiori,
1183 4165 1262 4252 stylo
1289 4161 1363 4230 sinu
1384 4161 1481 4228 multo
1501 4162 1565 4225 lon·

294 4295 377 4363 gion
399 4289 427 4351 5.

339 4371 415 4428 Hab.
441 4370 469 4426 in
496 4355 638 4425 Armenii
662 4363 742 4421 cirea
767 4351 1001 4417 Gumueltkhand
1030 4357 1059 4410 et
1082 4349 1223 4407 lineorum
1250 4339 1397 4426 (Huctl),
1420 4345 1448 4401 in
1474 4343 1566 4399 monle

296 4459 466 4520 Aelaudaclr
486 4453 683 4530 Cappadociae
707 4446 791 4532 (Ball
805 4447 832 4526 l,
854 4453 883 4502 et
901 4439 1073 4518 Berytdagh
1092 4438 1243 4498 Cataonia
1261 4435 1271 4511 (
1282 4435 1420 4493 Hausslrl
1431 4439 1454 4507 ),
1473 4431 1501 4488 in
1525 4426 1566 4485 di·

299 4553 376 4619 ¹tione
394 4547 584 4624 Kassanoglu
604 4542 715 4600 Ciliciae
732 4537 871 4598 Kuruica
889 4535 952 4608 (ΚΥ
970 4549 1031 4590 eus.
1051 4527 1138 4603 ssll).
