3276 5200
702 342 765 412 567

136 489 219 564 Hah,
243 489 273 546 ln
291 487 379 550 siccis
395 489 526 564 regionis
543 488 651 564 alpina
667 485 797 564 erecte,
815 487 980 548 Parnassus
997 486 1106 566 (Sibth.
1126 488 1221 551 Heldr
1232 491 1266 570 l),
1286 493 1379 568 'lym

88 579 236 654 phrestns
257 569 417 660 (Sprunll,
437 578 546 654 Delphi
564 579 675 638 Euboe
690 572 800 658 (Auch.
817 594 879 636 ens.
897 573 965 640 569
976 564 984 636 l
997 575 1027 658 ),
1046 575 1192 655 Olympus
1211 580 1377 643 Thessalus

92 667 252 746 (Heldrt),
272 667 401 744 Kyllene
419 665 551 749 (Orphl),
580 666 692 729 Olenos
711 671 740 726 ct
755 665 911 742 Taygetus
930 659 1050 747 (Heldrl
1064 667 1086 748 ).
1104 669 1150 728 Ill.
1176 671 1235 731 Jul.
1255 672 1333 748 Aug.

136 764 198 828 Ar.
226 765 353 847 Geogr.
378 768 494 829 Montes
508 768 611 844 Italiae,
630 766 749 845 Illyria,
770 765 935 828 Dalmatia.

411 1063 436 1143 †
457 1063 482 1143 †
505 1063 582 1140 styli
601 1067 671 1123 tres.
698 1061 831 1139 llmbryo
851 1061 1072 1139 periphericus.

497 1321 634 1397 sunu
658 1322 709 1412 (ι.
735 1321 811 1396 cen.
840 1319 879 1393 u·
903 1321 993 1418 nnn).

40 1572 44 1579 '
139 1569 236 1661 Oalyx
270 1570 442 1639 tubulosus
472 1569 576 1638 to-no
606 1573 654 1638 vel
682 1569 781 1639 30-60
805 1571 936 1638 nervius
955 1571 1064 1639 nervis
1082 1569 1384 1639 commissurelibus

98 1660 229 1746 (confer
241 1659 538 1814 Sammopltilem?
552 1660 701 1727 donatus.
724 1659 832 1727 Petale
850 1657 871 1726 5
890 1659 1100 1746 unguiculata
1119 1659 1211 1726 lance
1231 1671 1385 1728 coronata

98 1748 206 1815 rarius
227 1749 330 1816 nuda.
352 1747 495 1816 Stamina
535 1747 557 1816 O
576 1767 715 1836 quorum
735 1747 756 1815 5
775 1748 888 1836 petalis
908 1747 1035 1815 adnata.
1063 1746 1214 1815 Ouarium
1235 1747 1304 1815 basi
1323 1747 1384 1816 tri-

99 1839 244 1904 loculare
264 1837 535 1904 multiovulatum.
557 1835 692 1924 Capsula
711 1837 914 1924 carpophoro
929 1835 1018 1904 brevi
1030 1837 1079 1903 vel
1091 1837 1241 1922 elongato
1255 1835 1385 1904 suffulta

98 1925 166 1994 basi
189 1925 430 1992 rudimentarie
449 1924 645 1992 trilocularis
668 1924 774 1992 rarius
802 1925 934 1992 omnine
962 1923 1187 2006 unilocularis‚
1220 1923 1310 2013 apice
1330 1945 1385 1992 sen

100 2015 207 2082 valvis.
231 2013 363 2082 Semina
382 2012 582 2081 renitormia.
597 2052 641 2064 -
657 2013 775 2082 Herbae
794 2034 911 2080 annuae
930 2015 978 2081 vel
998 2033 1157 2114 perennes
1177 2011 1243 2080 imo
1262 2011 1381 2080 suliru·

99 2101 176 2171 tices
189 2102 306 2170 habitu
318 2101 573 2171 varii—Genus
603 2099 1382 2257 uoadspecierumdisspositionemdifficillimum,

100 2191 310 2260 characteres
336 2193 376 2260 ad
402 2190 561 2260 sectiones
581 2124 787 2258 Oefiniendas
810 2191 860 2258 vel
886 2189 1039 2257 deiciunt
1065 2191 1115 2256 vel
1139 2210 1204 2256 non
1229 2198 1278 2255 sat
1296 2187 1384 2256 firmi

101 2291 185 2346 sunt.
208 2278 262 2347 Sic
283 2282 323 2349 cl.
346 2280 473 2348 Godron
494 2279 727 2346 demonstravit
746 2279 779 2344 in
798 2278 860 2346 hoc
878 2298 998 2365 genere
1017 2297 1131 2345 ornnes
1151 2277 1271 2344 lormas
1290 2276 1383 2345 inllo·

102 2368 291 2453 sescenties,
312 2367 557 2451 dichotomiam,
578 2367 775 2456 paniculum,
803 2387 968 2434 racemum
992 2365 1229 2448 unilateralcm‚
1258 2374 1382 2434 tantum

37 2455 41 2464 '
100 2457 213 2524 modos
233 2477 338 2547 cymae
358 2479 427 2525 csse
448 2467 479 2523 et
497 2455 560 2523 alia
580 2456 618 2526 ad
639 2455 734 2523 aliam
754 2454 787 2521 in
807 2455 976 2544 speciebus
1000 2453 1153 2521 affinibus
1178 2463 1211 2521 et
1236 2473 1321 2542 saepe
1347 2454 1381 2523 in

101 2545 213 2612 cadem
226 2547 336 2634 specie
349 2545 499 2614 transire.
525 2544 687 2614 Numerus
706 2564 880 2610 nervorum
900 2544 1017 2633 calycis
1037 2543 1070 2609 in
1090 2542 1208 2632 plantis
1227 2554 1382 2610 caeterum

101 2632 253 2702 omnibus
273 2635 358 2703 notis
378 2632 532 2722 proximis
552 2654 681 2721 quoque
699 2631 811 2700 variat.
843 2630 888 2699 Cl.
910 2633 947 2698 Α.
970 2632 1077 2699 Braun
1104 2640 1214 2698 notam
1239 2651 1275 2698 ex
1295 2631 1382 2698 aesti·

101 2720 227 2789 ratione
239 2722 444 2791 imbricativt
461 2720 707 2810 (quincunciali)
728 2720 944 2809 quarumdam
963 2721 1145 2809 specierum
1157 2720 1381 2808 depromptam

101 2806 266 2894 indicavit,
288 2811 344 2879 sed
364 2812 434 2878 haec
453 2809 608 2878 aestivatio
626 2808 661 2876 in
673 2808 782 2877 Silene
800 2829 866 2876 non
878 2829 952 2876 vere
988 2807 1202 2876 uincuncialis
1214 2817 1263 2875 est
1281 2808 1381 2894 (nem-

102 2916 139 2983 pe
158 2918 196 2964 en
216 2898 397 2968 insertione
417 2921 431 2966 s
454 2898 527 2966 irali
546 2899 726 2988 petalorum
745 2896 899 2986 oriunda)
931 2830 987 2965 seg
1014 2907 1063 2965 est
1082 2895 1274 2964 deformatio
1293 2897 1380 2964 aesti-

101 2985 236 3054 rationis
249 2997 405 3056 contorte
425 2919 477 3073 {ex
495 2985 674 3054 insertione
692 2985 877 3053 verticillari
898 2984 1059 3073 oriundae)
1081 2985 1120 3052 ad
1140 3006 1238 3074 quarn
1258 2984 1291 3052 in
1311 3006 1381 3074 spe

102 3071 210 3142 clebus
229 3076 387 3164 proximis
407 3085 438 3142 et
457 3095 542 3163 saepe
563 3075 596 3142 in
616 3074 729 3142 eidem
748 3073 855 3163 specie
880 3073 973 3141 redit.
1005 3073 1135 3140 Semina
1161 3074 1290 3140 tandem
1318 3095 1379 3142 sa·-

103 3159 173 3314 pius
198 3163 297 3232 dorso
318 3163 528 3232 canaliculato
541 3161 660 3232 sensim
675 3164 714 3230 ad
726 3163 834 3264 plana,
855 3183 995 3231 convexa
1014 3172 1045 3230 et
1063 3162 1193 3229 tandem
1213 3171 1250 3228 ut
1268 3161 1301 3228 in
1313 3161 1379 3229 Hc-

116 3250 275 3338 icspermci
287 3253 326 3320 ad
339 3251 484 3320 carinata
495 3261 674 3320 transeunt.
697 3251 754 3318 llrs
766 3251 947 3339 perpensis,
964 3271 1029 3317 non
1049 3248 1207 3317 sectiones
1225 3251 1380 3338 proposui

104 3339 211 3426 quales
235 3341 461 3430 monographo
485 3341 593 3408 futuro
618 3338 716 3406 totius
743 3339 872 3426 generis
897 3339 1094 3406 constituere
1121 3337 1290 3425 contingit,
1323 3339 1378 3405 sed

103 3427 223 3514 species
241 3429 422 3499 Orientales
442 3429 475 3494 in
495 3448 609 3516 greges
629 3427 735 3582 ffiuoad
755 3427 916 3514 potuerim
937 3429 1112 3508 naturales
1134 3426 1196 3493 nisi
1216 3427 1301 3494 notis
1322 3427 1378 3494 fir·

105 3515 162 3669 bnis
188 3529 220 3586 et
241 3518 465 3602 gravioribus,
492 3528 598 3584 tamen
618 3537 635 3582 c
659 3525 839 3583 aracterum
861 3515 1031 3582 harmonia
1052 3527 1081 3582 et
1102 3515 1213 3582 habitu
1234 3516 1379 3585 sullultas

127 3603 275 3693 inponere
295 3605 414 3682 studui.

425 3879 613 3967 Specicrttm
633 3876 855 3946 Orientalium
873 3878 1053 3966 depositio.

549 4114 665 4182 Ssnrss
684 4115 721 4180 Α.
737 4155 781 4164 -
799 4113 937 4182 Accua.

114 4329 283 4404 Sussntuss
303 4339 327 4404 l.
355 4377 399 4386 -
424 4335 530 4424 Culpa
549 4335 657 4406 15-60
676 4337 807 4402 cercius
830 4337 1031 4423 cylindereos
1054 4339 1103 4404 ccl
1127 4339 1273 4408 clevatus
1293 4341 1384 4426 truc-

491 4461 502 4484 *
546 4452 622 4538 liter
641 4452 730 4541 cpicc
749 4460 943 4519 contractus.
