3150 5166
885 327 907 400 8

258 471 389 532 Balbout
408 471 522 550 (Bourg
533 472 563 551 l)
581 477 610 532 et
626 473 704 548 Ispir
720 473 838 550 (Huetl,
857 473 963 534 Persit
979 473 1008 532 in
1026 477 1125 532 monte
1139 471 1276 532 Ssabeud
1295 469 1423 550 (Buhsel
1442 473 1497 532 snb
1511 473 1537 532 Τ.

258 561 455 641 concremato),
473 579 557 636 prov.
575 561 752 624 Kborassan
766 563 871 642 (Bgel)
887 562 1048 638 Affghanie
1064 561 1161 640 (artu.
1174 579 1239 624 ens.
1256 561 1321 625 178
1333 561 1366 642 l)

301 651 405 711 Variet
422 659 454 712 ut
473 651 577 712 alliues
594 655 756 728 segmentis
775 653 937 729 majoribus
950 659 980 713 et
997 653 1170 712 minoribus.

300 737 359 802 Ar.
378 737 502 819 Geogr.
522 741 699 820 Germania,
718 744 827 803 Bossia
845 749 937 804 enstr.
957 740 1078 804 Sibiris.

298 925 341 992 Τ.
364 925 518 994 minus
537 923 584 1010 (L.
607 923 660 1012 Sp.
689 921 765 1011 769)
786 923 935 1010 glabrum
955 925 1004 992 vel
1028 925 1256 1011 glandulosum
1276 925 1364 992 loliis
1385 925 1537 992 ternatim

254 1011 484 1100 decompositis
504 1011 678 1099 segmentis
701 1012 801 1079 oratis
821 1013 870 1080 rel
895 1013 966 1100 plus
990 1012 1137 1080 minusve
1156 1013 1463 1082 cuneatoobovatis
1483 1013 1538 1079 tri-

254 1101 336 1168 lobis
355 1103 404 1168 vol
421 1101 551 1185 trifidis,
571 1101 729 1189 paniculae
750 1121 897 1189 expausm
917 1101 1052 1170 lloribus
1072 1102 1143 1190 plus
1163 1101 1310 1170 minusve
1329 1101 1536 1185 nutantibus,

253 1190 402 1278 carpellis
422 1190 524 1258 ovatis
542 1192 591 1258 vel
610 1189 758 1276 oblongis
778 1191 926 1276 stigmate
947 1189 1037 1258 brevi
1058 1212 1075 1257 e
1099 1189 1169 1258 basi
1195 1189 1301 1259 latiori
1322 1189 1464 1280 oblique
1483 1191 1537 1258 ad·

252 1283 327 1434 napa
347 1279 488 1366 oblongo
515 1292 562 1356 tt.
589 1277 713 1366 Speciei
727 1279 949 1368 polymorpho
973 1278 1144 1347 varietates
1162 1275 1341 1348 Orientales
1363 1289 1537 1369 sequentes

253 1389 281 1432 vl
308 1390 329 1434 l.

295 1499 325 1537 α.
346 1477 469 1570 autores
488 1468 613 1556 (Regel,
635 1469 696 1568 loe.
719 1467 774 1535 cit.
796 1489 831 1569 p:
852 1466 907 1570 bb)
929 1467 1098 1537 Glabrum.
1116 1467 1290 1554 Segmonta
1309 1489 1400 1557 saepe
1422 1468 1536 1536 subtus

247 1557 488 1644 glaucesceutra
506 1567 599 1624 acute
620 1556 736 1624 trrloba
754 1559 805 1624 vel
824 1578 938 1625 incisa.
958 1557 992 1624 T.
1007 1567 1130 1625 catores
1144 1557 1229 1626 bost.
1245 1557 1349 1626 Rebb.
1368 1557 1417 1626 ic.
1433 1555 1532 1625 4630.

293 1664 371 1722 Hab.
391 1663 420 1722 in
444 1663 589 1722 montosis
605 1663 754 1723 umbrosis
773 1663 923 1724 Armeniae
940 1663 979 1722 ati
1003 1664 1131 1724 Bnibout
1149 1660 1295 1744 (Bourgl)
1316 1665 1399 1722 iuter
1422 1663 1534 1722 Van'et

248 1753 337 1812 Billis
355 1751 462 1831 (barre
476 1754 512 1812 de
533 1751 636 1827 Lanoy
654 1751 686 1831 l),
705 1752 820 1812 Amano
841 1753 936 1828 Syrie
954 1753 1019 1814 bor.
1036 1751 1138 1834 (Kyl),
1163 1753 1268 1813 Persis
1285 1755 1352 1814 bor.
1381 1753 1413 1812 iu
1439 1757 1534 1812 monte

249 1843 358 1903 Elburs
377 1840 446 1923 (Ky.
467 1859 530 1901 ens.
550 1839 614 1904 281
635 1837 707 1922 (sub
727 1843 756 1903 Τ.
774 1842 959 1922 mucronato)
978 1849 1008 1904 et
1025 1844 1055 1902 iu
1072 1859 1156 1919 prov.
1174 1842 1364 1920 Atlerbidjsu
1385 1839 1499 1925 (Snowl
1512 1842 1534 1922 ).

293 1956 328 2040 β.
351 1953 619 2108 mtproptpttom.
642 1951 816 2039 (Hebrum,
837 1963 1005 2042 segmenta
1024 1973 1123 2044 parva
1149 1973 1188 2022 sa
1215 1954 1252 2022 Τ.
1280 1955 1393 2042 foetidi
1420 1971 1534 2042 parum

251 2063 392 2132 superam
408 2063 450 2109 ru.

294 2149 372 2208 Hab.
392 2149 420 2206 iu
439 2148 532 2206 vineis
551 2154 581 2206 et
597 2147 635 2206 ad
652 2149 714 2208 vias
733 2153 888 2208 montanas
905 2148 1103 2225 Cappadociae
1119 2149 1158 2210 ad
1176 2149 1261 2211 basin
1274 2149 1385 2209 montis
1403 2144 1531 2222 Alidagb

250 2239 330 2314 (Bal.
351 2256 413 2298 ens.
431 2239 485 2298 sub
505 2239 533 2298 Τ.
552 2237 706 2319 Sibirico).

295 2339 397 2488 Sprnilo
418 2340 447 2400 Τ.
466 2341 584 2401 odorato
601 2339 690 2401 Gron.
710 2345 740 2401 et
760 2339 788 2400 Τ.
813 2340 937 2418 cipestri
957 2337 1053 2399 Gand.
1076 2339 1106 2401 Τ.
1131 2339 1240 2400 minori
1257 2355 1376 2416 quoquo
1396 2339 1530 2399 adnume-

252 2447 306 2490 ren
329 2447 365 2490 rs.

294 2559 326 2622 y.
350 2524 571 2614 Olympicum.
593 2526 765 2614 Sogmenta
785 2528 962 2617 majuscula
975 2526 1114 2614 rigidula
1126 2524 1274 2593 coriaeea
1290 2525 1409 2594 obtuse
1427 2524 1530 2593 lobata

252 2625 284 2681 et
303 2625 494 2682 mucronata
514 2617 627 2684 subtus
645 2617 835 2703 glandulosa
854 2625 884 2683 el
909 2615 1056 2683 clevatim
1076 2635 1224 2682 nervosa.

296 2721 374 2782 Hnb.
394 2722 423 2780 iu
442 2722 563 2797 regione
581 2723 683 2797 alpini
701 2727 731 2780 et
748 2725 888 2782 montana
908 2720 1027 2798 Olympi
1049 2719 1190 2779 Thessali
1210 2719 1364 2804 (Heium),
1393 2719 1530 2780 Parnassi

252 2811 378 2980 (Heldpl
398 2810 528 2892 Orpbl)‚
547 2813 656 2872 montis
678 2811 775 2871 Albos
796 2807 926 2892 (Orpbl)
953 2811 1079 2872 Caucasi
1103 2809 1150 2886 (O.
1171 2809 1208 2870 A.
1232 2811 1269 2872 M.
1287 2813 1348 2894 ,sub
1378 2811 1411 2873 Τ.
1428 2809 1526 2889 pabu-

253 2907 334 2963 eente
351 2945 359 2961 .

297 3003 465 3079 Analognm
482 3003 585 3064 formis
603 3003 787 3080 glandulosis
805 3004 934 3080 Europae
950 3003 1089 3064 australis
1107 3002 1161 3062 sed
1179 3003 1263 3062 nervi
1280 3001 1331 3064 iol.
1351 3003 1451 3080 magis
1466 3019 1529 3080 pro·

254 3095 408 3154 uiuentes.

296 3193 356 3258 Ar.
372 3194 497 3275 Gsogr.
516 3197 638 3274 Europa
654 3201 719 3258 tota
736 3203 766 3258 et
783 3195 902 3257 Sibiria.
927 3173 1031 3257 Africa
1049 3197 1113 3256 bor.
1130 3195 1161 3254 iu
1181 3195 1341 3257 montibus.

296 3407 339 3472 Τ.
360 3405 554 3490 simplex
572 3403 620 3490 (L.
644 3403 740 3471 liant.
764 3402 819 3490 78)
842 3403 991 3490 glabrum
1016 3403 1100 3472 loliis
1119 3403 1278 3492 pinnatim
1305 3401 1529 3492 decompositis

254 3492 428 3574 segmentis
447 3513 464 3558 a
484 3491 553 3558 basi
573 3497 709 3560 cuneata
720 3491 868 3578 oblongis
888 3492 1013 3560 trilobis
1032 3492 1114 3560 lobis
1134 3491 1258 3562 obtusis
1277 3493 1326 3560 vel
1342 3491 1463 3575 acutis,
1477 3511 1528 3580 pa·

256 3581 364 3648 nicull
384 3581 585 3670 pyramidalcl
605 3581 715 3648 stricta
740 3581 878 3670 simplici
898 3582 946 3648 vel
969 3603 1068 3670 parce
1088 3586 1235 3665 ramosa,
1257 3581 1407 3670 cappellis
1426 3589 1529 3649 ovato·

255 3669 402 3756 oblongis
422 3669 570 3755 stigmate
591 3668 690 3736 ebasi
710 3670 857 3756 sagittata
876 3670 1056 3738 lanceolato
1083 3682 1111 3747 26
1123 3722 1130 3738 .
1152 3670 1196 3737 lc.
1220 3669 1321 3738 llebb.
1343 3668 1445 3739 tout.

301 3776 377 3834 Hah.
397 3776 425 3832 in
444 3775 559 3834 frutetis
575 3776 682 3835 montis
697 3777 767 3835 OEta
784 3775 950 3836 Thessaliae
970 3773 1130 3860 (Sprunl),
1155 3779 1263 3838 montis
1277 3775 1447 3839 Keischaur
1464 3775 1531 3837 Onu·

257 3865 320 3926 ensi
338 3861 446 3944 (Hobll

300 3963 362 4028 Ar,
380 3965 504 4045 Geogr.
523 3968 645 4044 Europa
662 3967 792 4029 borealis
816 3972 847 4027 et
865 3969 971 4028 media.
988 3968 1107 4030 Sibirie.

301 4191 343 4258 T.
364 4191 576 4258 strictum
596 4190 672 4256 Led.
695 4189 742 4256 Fl.
766 4189 858 4256 Ross,
888 4189 913 4256 l.
936 4211 967 4278 p.
990 4189 1044 4258 lo.
1072 4190 1241 4278 glabrum,
1266 4191 1350 4258 loliis
1376 4183 1527 4282 pinnatim

259 4277 487 4365 decompositis
508 4278 683 4362 segmentis
704 4299 721 4345 e
745 4278 815 4346 basi
843 4280 1167 4346 rotundato-cuneata
1193 4279 1295 4347 oratis
1314 4281 1363 4346 vel
1387 4274 1527 4366 elliptiors

229 4419 232 4424 l
260 4366 365 4434 lolior.
389 4366 483 4432 inser.
517 4367 630 4434 obtuse
657 4367 864 4454 superiorum
891 4379 983 4434 acute
1003 4367 1134 4450 incisiS,
1160 4367 1309 4448 panicula
1333 4361 1528 4469 pyramidatl

260 4455 368 4522 stricta
389 4460 533 4538 ramosi,
554 4455 702 4542 carpellis
721 4455 975 4543 ovatooblongis
1001 4456 1150 4545 stigmate
1170 4479 1188 4523 e
1208 4456 1277 4524 basi
1297 4459 1445 4545 sagittati
1463 4454 1526 4519 lan·

262 4545 396 4613 ceolato.
419 4583 463 4594 —
483 4543 527 4612 le.
549 4544 625 4612 Led.
649 4543 692 4611 lc.
716 4554 739 4610 t.
762 4542 839 4611 158.
