3300 5192
837 261 903 330 tlt

276 403 353 463 Hah.
379 403 409 462 in
428 405 574 463 umbrosis
600 405 688 466 sioeis
707 410 737 464 et
753 406 895 464 montosis
913 404 1051 466 Thraoiae
1074 405 1113 464 ad
1138 406 1315 480 Byzantium
1335 405 1453 485 (Gadet
1471 404 1517 462 tle

231 491 411 571 Fontenay),
430 493 520 552 totius
538 493 684 552 Anatoliae
701 495 847 570 usquead
871 493 1041 554 Armeniam
1060 494 1166 572 (Huoti
1183 493 1345 576 Calventi),
1364 496 1459 571 Syria
1476 495 1511 552 in

233 589 332 640 monte
351 581 466 656 Cassio,
485 582 599 642 Libano
618 583 656 640 ad
674 583 758 642 hillen
775 589 805 642 et
822 585 860 643 ad
881 584 1068 646 Antiochiam
1086 583 1240 662 (Belesi),
1260 603 1352 660 supra
1368 586 1519 645 Sidonem

233 668 383 822 ἓξῗαίἰίῐῒ),
403 673 432 730 in
459 671 572 731 Tauria
590 669 664 752 (ΜΒ.
688 667 816 754 Stant),
836 673 946 733 Persia
970 677 1034 734 hor.
1053 691 1138 749 prov.
1165 674 1333 736 Astarabad
1352 662 1520 757 (Bungell.

271 805 279 821 .
301 779 364 821 ses.

276 859 311 941 β.
333 856 525 944 porreisloru.
562 855 649 924 Folia
670 855 797 922 minora
816 855 906 922 valde
927 857 1135 925 condensata.
1163 859 1294 926 Recenti
1314 859 1353 926 ad
1374 857 1433 926 9-3
1453 859 1519 924 ilo-

234 967 286 1100 ffs
297 944 556 1100 {Uboerffimalffi
578 944 711 1012 reducti.
745 944 785 1010 P.
809 944 1014 1031 telephioiries
1039 945 1140 1014 Boiss.
1167 958 1197 1014 et
1217 948 1281 1015 Bal.
1305 947 1418 1034 Diagn.
1441 947 1512 1014 Ser.

235 1054 544 1277 d'liab.Ebll'rumidis
562 1129 693 1204 regionis
711 1127 817 1202 alpium
828 1127 975 1187 inferioris
992 1129 1100 1188 montis
1119 1129 1371 1206 Masmeneudagh
1389 1129 1512 1205 Cappa-

256 1213 402 1382 ocslbbgie:
420 1217 499 1366 hiliis
517 1309 583 1382 plus
606 1307 739 1366 minusve
764 1306 977 1381 approximatis
1000 1313 1029 1366 et
1047 1308 1197 1368 diminutis
1216 1311 1355 1387 varians,
1373 1311 1428 1369 ala
1446 1313 1519 1384 post

235 1396 370 1457 aothesin
391 1397 546 1456 manifeste
563 1401 666 1473 auotae,
678 1396 766 1456 flores
785 1395 901 1455 oaerulei
917 1397 1035 1456 undem
1054 1397 1227 1458 albicantes.

279 1483 336 1546 Ar.
362 1493 485 1562 (isogr.
507 1487 626 1546 Bosnia.

280 1683 323 1750 P.
338 1681 736 1750 Hohonackerlana
750 1681 800 1768 (F.
817 1693 847 1747 et
859 1682 899 1748 Μ.
918 1681 987 1748 lnd.
1004 1679 1131 1766 Petrop.
1146 1679 1198 1761 lV,
1212 1701 1243 1767 p.
1267 1677 1324 1766 lh)
1338 1679 1422 1767 pube
1435 1678 1521 1746 oris·

236 1771 311 1858 pulei
330 1789 517 1850 canescens,
540 1769 747 1853 mullieaulls‚
780 1769 925 1836 caulibus
945 1767 1059 1834 erectis
1080 1767 1232 1835 brevibus
1252 1767 1437 1854 fastigiatinr
1459 1787 1520 1833 re-

238 1859 348 1938 mosiS,
372 1857 455 1923 loliis
475 1857 655 1923 carnosulis
675 1858 824 1945 oblongis
844 1857 891 1924 vel
913 1856 1062 1944 elliptiois
1081 1856 1217 1922 summis
1237 1854 1353 1936 acutis,
1375 1855 1518 1922 racemis

237 1945 403 2028 brevibus
425 1945 541 2032 sepalis
562 1946 702 2012 externis
722 1945 869 2032 oblongis
890 1944 985 2012 tertio
1004 1943 1141 2031 majore,
1163 1945 1222 2011 alis
1242 1943 1390 2032 elliptiois
1409 1945 1519 2010 corol-

238 2037 277 2102 lae
297 2034 549 2121 subaequilongis
569 2032 637 2098 basi
659 2033 820 2100 trineruiis
840 2035 929 2100 venis
949 2054 1015 2100 nou
1034 2033 1372 2114 anastomosantihus,
1401 2032 1520 2118 petalis

238 2123 425 2190 lateralibus
445 2121 554 2188 earini
575 2122 734 2209 profunde
754 2122 917 2189 fimbriata
936 2121 1151 2208 longioribus,
1172 2123 1304 2210 capsula
1323 2119 1426 2188 sessili
1447 2121 1519 2206 gla-

239 2212 298 2278 bra
317 2210 641 2278 ohovato-oboordath
660 2221 793 2297 anguste
814 2212 895 2276 aiath
922 2222 968 2285 tt.
1004 2209 1044 2276 P.
1066 2211 1187 2297 supino
1205 2231 1272 2276 var.
1295 2208 1521 2276 Hohenoolrori

240 2300 337 2387 Regel
357 2300 400 2386 pl.
426 2299 527 2365 lladd.
551 2299 615 2365 tab.
639 2297 670 2379 7,
693 2299 713 2363 s.
739 2298 791 2364 th.

285 2407 363 2466 Hah.
389 2407 420 2464 iu
444 2406 535 2465 aridis
562 2407 679 2464 saxosis
705 2405 853 2466 Armenia
870 2407 908 2464 ad
926 2405 1176 2466 Naekitsohewan
1199 2404 1354 2484 (Szowl),
1381 2403 1524 2480 Georgia

242 2497 411 2557 Caucasioae
429 2495 468 2554 ad
486 2495 691 2554 Helenendorf
706 2493 820 2576 (Hohl),
840 2496 950 2554 Persiae
965 2496 1029 2554 bor.
1047 2495 1084 2554 ad
1099 2495 1236 2554 Teheran
1258 2491 1323 2580 (Ky
1343 2513 1408 2554 ens.
1427 2491 1472 2556 62
1484 2491 1520 2570 i),

241 2587 319 2646 inter
336 2585 464 2660 Ispahan
483 2591 512 2645 et
529 2585 667 2644 Telreran
684 2587 801 2662 (Bungo
813 2581 847 2663 i).

285 2675 392 2736 Gaulos
408 2673 467 2737 Η
484 2675 642 2751 pollicares
659 2675 688 2734 in
705 2675 848 2751 cespitem
867 2675 989 2734 densum
1008 2673 1190 2750 fastigiatum
1210 2675 1355 2749 congesti,
1372 2675 1463 2732 flores
1476 2675 1518 2732 al-

241 2767 303 2825 bidi
320 2767 367 2824 vel
385 2766 497 2839 pallide
515 2766 610 2834 rosei,
629 2765 717 2840 calyx
741 2771 810 2840 post
828 2764 963 2822 anthesin
989 2764 1076 2822 valde
1094 2773 1240 2824 aeoretus.
1259 2765 1365 2823 Planta
1382 2782 1402 2822 a
1420 2763 1521 2823 formis

242 2857 274 2914 P.
292 2857 405 2932 supino
424 2861 530 2931 prater
549 2855 621 2914 folia
637 2855 739 2914 forma
753 2855 879 2914 diversa
892 2855 1004 2912 alarum
1017 2853 1222 2930 angustiorum
1239 2855 1338 2913 nervis
1353 2871 1412 2913 non
1431 2871 1520 2912 anas·

242 2947 457 3006 tomosantihus
479 2963 544 3004 meo
563 2963 650 3004 sensu
669 2945 807 3020 speoitioe
826 2943 976 3003 distinata.

287 3045 321 3128 β.
345 3042 547 3110 Stoclrsr'ouu..
579 3041 690 3108 Facies
717 3051 748 3108 et
773 3043 881 3108 caules
901 3039 1015 3107 breves
1036 3039 1101 3128 typi
1121 3041 1176 3106 sed
1197 3042 1256 3108 alae
1276 3050 1376 3107 ovatae
1397 3049 1429 3107 et
1447 3061 1520 3130 oap-

244 3132 314 3198 sula
334 3132 429 3199 latius
450 3141 553 3198 ovata.
577 3137 611 3196 Ρ.
634 3130 824 3198 Stoolrsiouu
845 3127 947 3196 Boiss.
970 3129 1084 3216 Diagn.
1107 3129 1175 3196 Sor.
1200 3129 1240 3212 ll,
1263 3128 1289 3212 l,
1309 3150 1342 3217 p.
1365 3126 1421 3196 59.

289 3227 365 3286 Hah.
384 3227 414 3284 in
430 3224 603 3286 Belutsohiri
621 3243 715 3300 prope
734 3223 927 3283 Pushtkhaoa
945 3221 1113 3304 (Stoeksl).

257 3382 259 3388 .
287 3353 318 3418 y.
334 3321 570 3388 Joolorshimu.
595 3318 709 3400 liuor,
736 3317 995 3400 subsecutione,
1021 3317 1141 3384 racemi
1162 3317 1313 3402 elongati.
1337 3315 1380 3382 Ρ.
1400 3317 1520 3384 Joblot-

242 3413 359 3478 shoooo
379 3410 414 3476 F.
430 3420 461 3476 et
481 3409 521 3476 lli.
538 3409 570 3476 in
584 3341 676 3475 herb.
693 3405 801 3474 Fisch.
823 3413 857 3473 P.
873 3409 992 3494 sulpitio
1012 3427 1079 3472 var.
1095 3405 1320 3473 Jublolsltiono
1342 3405 1442 3491 Regel
1461 3407 1517 3472 loc.

244 3501 298 3567 cit.
322 3499 386 3565 tab.
409 3497 478 3580 Vll,
500 3498 555 3585 lig.
578 3497 631 3564 18.

290 3595 367 3654 Hah.
387 3595 415 3651 in
432 3593 537 3652 Persii
554 3594 619 3652 bor.
640 3609 732 3668 prope
750 3591 918 3651 Astarabad
938 3587 1109 3671 (Karelinl).

288 3682 379 3743 Faeie
407 3683 440 3742 Ρ.
460 3683 596 3760 srtpioom
621 3683 714 3757 magis
735 3681 826 3740 refert
851 3680 905 3740 sed
925 3682 963 3740 ob
978 3681 1050 3739 folia
1066 3685 1154 3741 aeota
1171 3684 1200 3738 ot
1215 3679 1327 3737 alarum
1346 3695 1441 3737 venas
1460 3695 1514 3736 non

244 3779 501 3833 anastomosantes
520 3775 557 3832 ati
583 3774 615 3834 Ρ.
637 3772 841 3833 Hohonuchm'
857 3769 1013 3830 referenda
1030 3771 1115 3846 eujus
1136 3771 1231 3829 torma
1246 3770 1342 3844 maj0r
1359 3775 1406 3828 est
1424 3785 1461 3827 ex
1480 3785 1521 3826 re-

245 3864 335 3939 gione
348 3863 507 3923 humidiori
525 3869 599 3924 orta.

616 4063 634 4096 ³*
659 4062 677 4096 ἦ*
702 4063 822 4121 Raeemi
842 4077 960 4136 semper
974 4061 1152 4120 terminales.

244 4227 268 4308 †
292 4226 422 4303 Capsula
438 4226 623 4302 inaequaliter
640 4225 751 4284 biloba.
769 4223 933 4373 Filalngenta
951 4223 1065 4281 inferne
1082 4220 1280 4296 monadelpha
1291 4223 1380 4296 apios
1396 4222 1519 4283 breviter

840 4331 848 4370 r
872 4330 931 4372 era.

291 4502 334 4568 P.
348 4500 567 4586 pruinosa
587 4496 704 4584 (Boiss.
728 4495 842 4581 Diagn.
866 4495 934 4561 Ser.
959 4494 998 4576 ll,
1021 4494 1045 4575 l,
1070 4514 1100 4580 p.
1124 4491 1197 4576 58),
1227 4491 1312 4578 pube
1338 4493 1425 4559 molli
1445 4489 1519 4558 oris-
