3228 5204
656 407 719 478 737

53 553 153 642 calyce
183 551 301 640 saepius
331 551 546 638 longioribus,
578 550 694 638 sepalis
714 551 862 637 oblongis
882 549 1006 618 obtusis
1026 550 1237 619 interioribus
1256 553 1328 619 lon-

53 640 213 729 gioribus,
241 641 353 730 petalis
374 639 693 724 oblongo-eboratis
718 643 860 730 oalyoem
880 639 1096 728 aequantibus,
1119 642 1199 730 stylo
1218 643 1328 708 ovario

54 731 215 817 longiore,
243 731 422 799 seminibus
442 729 635 797 laeviuseulis
658 737 707 809 Θ.
737 729 776 795 P.
796 729 1019 795 iirecellenlom
1038 729 1143 796 Webb
1164 730 1252 818 Phyt.
1276 729 1330 797 Ca·
1392 799 1397 811 ,

53 839 120 885 nar.
144 819 169 900 l,
191 819 321 906 p.‚l55.
346 859 385 868 -
406 819 569 885 Arenaria
587 817 770 884 saaooulento
790 817 859 884 Ser.
882 817 916 884 in
936 837 988 884 nc.
1012 817 1125 885 Prodr.
1151 819 1176 902 l,
1197 840 1229 906 p.
1249 817 1326 885 loo,

52 947 94 956 —
111 907 226 974 Mallio
245 930 334 975 rosea
354 909 485 974 Hoebst.
509 917 540 973 et
558 904 602 972 St.
629 906 662 972 in
684 905 825 994 Sehimp.
848 907 893 994 pt.
916 928 981 973 ens

97 1017 174 1076 Hab.
191 1017 220 1073 iu
245 1019 380 1077 arenosis
397 1017 523 1093 AEgypti
551 1017 588 1074 ad
607 1015 750 1074 Kabiram
768 1015 878 1086 (Wiest
901 1033 964 1074 exo.
983 1013 1017 1078 6!
1042 1023 1070 1074 et
1093 1011 1205 1095 blot),
1224 1016 1252 1074 in
1273 1035 1333 1092 pa-

54 1106 154 1164 lustris
172 1105 211 1163 ad
228 1105 385 1166 Sakkarab
404 1101 546 1189 (Belesi),
566 1107 595 1163 in
613 1106 692 1164 valle
705 1104 848 1164 Sinaitioi
865 1104 960 1165 Ouadi
978 1105 1093 1166 Arbain
1110 1103 1219 1186 <Bove'!
1239 1107 1331 1165 mixta

54 1213 116 1256 oum
136 1195 323 1272 llobboireti).
342 1197 387 1256 rr.
407 1213 487 1255 vere.

97 1285 227 1346 boeiuiis
246 1289 357 1362 ealyois
374 1287 423 1345 vix
441 1285 580 1346 carinatis
596 1285 712 1344 aceedit
731 1285 768 1342 ad
780 1285 1012 1362 Polycarpum,
1033 1286 1087 1345 sed
1104 1286 1196 1346 faeies
1210 1285 1330 1344 omnino
1443 1331 1446 1336 .

54 1376 218 1453 Polgeorpi.

564 1595 819 1672 rotlclttrllll

289 1717 384 1813 (lam
409 1719 515 1795 ioum.
540 1719 608 1794 llat.
632 1719 712 1795 llisl.
739 1721 779 1806 ΙΙ,
808 1741 839 1815 a.
868 1720 900 1809 8,
927 1719 991 1794 tab.
1020 1719 1089 1809 ii).
1305 1753 1320 1788 s

94 1911 188 2000 Calyx
209 1912 229 1978 5
249 1913 386 2002 partitus
406 1914 531 1982 laciniis
550 1916 717 2003 subplanis
738 1918 884 2004 margine
905 1917 1056 1985 soariosis
1076 1917 1190 1984 acutis.
1226 1918 1334 1986 Petala

58 2001 271 2069 5laneeolata
291 2003 398 2091 calyce
418 2002 553 2070 dimidio
572 2004 733 2073 breviora.
765 2005 910 2073 Stamina
934 2005 955 2072 5
979 2005 1181 2073 staminodiis
1200 2007 1334 2072 totidem

58 2089 167 2179 petalis
189 2091 343 2192 oppositis
363 2091 525 2158 interdum
546 2105 652 2176 airola,
674 2095 761 2161 diseo
781 2095 870 2162 breui
890 2094 1047 2184 perigyno
1068 2095 1200 2160 inserta.
1229 2095 1335 2183 Stylus

59 2177 143 2266 apice
170 2190 329 2267 capitatus
354 2181 402 2247 vel
427 2180 621 2269 tripartitus,
650 2184 780 2270 capsula
806 2183 958 2250 trivalvis.
992 2182 1121 2250 Semina
1145 2182 1335 2272 pyrilormia

58 2268 262 2334 subincurva.
285 2307 330 2318 -
349 2268 465 2336 llerbae
490 2271 537 2336 vel
562 2270 744 2340 suffratioes
772 2271 897 2360 stipulis
923 2283 954 2338 et
982 2271 1120 2338 bracteis
1145 2273 1236 2339 valde
1264 2293 1333 2338 soa-

59 2357 160 2424 riosis
196 2357 303 2424 Genus
327 2357 545 2446 aPolycorpo
571 2358 681 2426 babitu
710 2360 816 2448 potius
843 2381 939 2448 quam
967 2361 1153 2427 obaraolere
1181 2359 1290 2427 leviori
1316 2381 1334 2426 a

59 2447 160 2534 calyce
181 2447 373 2534 deprompto
391 2445 590 2514 distinctum.

95 2685 138 2752 P.
150 2684 331 2771 iraqilis
352 2682 434 2769 (Del.
450 2681 496 2749 Fl.
513 2683 569 2770 lig.
591 2705 623 2771 p.
640 2681 718 2758 att,
741 2681 877 2766 labili,
899 2683 955 2769 fig.
971 2683 1005 2770 l)
1027 2684 1179 2771 adpresse
1201 2695 1233 2751 et
1252 2685 1333 2753 cris·

56 2774 126 2860 pule
145 2774 348 2855 tomentella‚
380 2771 526 2839 caulibus
546 2770 715 2838 berbaeeis
733 2771 903 2860 prostratis
924 2773 1107 2854 ramulosis‚
1141 2773 1226 2840 loliis
1254 2773 1332 2860 rigi-

56 2861 135 2928 dulis
154 2861 310 2949 oppositis
329 2861 377 2928 vel
397 2861 579 2947 aggregatis
598 2859 740 2927 breviter
758 2860 944 2926 lanceolatis
964 2861 1172 2928 acutiusculis
1186 2862 1332 2948 margine

57 2951 224 3032 revolutis,
252 2949 353 3038 eymis
373 2948 556 3017 densilloris
575 2947 801 3016 terminalibus
822 2947 1025 3035 paniculatis,
1057 2950 1176 3039 oalyois
1207 2951 1332 3018 laciniis

58 3039 246 3106 tomentellis
266 3039 367 3106 oratis
386 3040 448 3106 late
467 3038 618 3105 scariosis
639 3057 738 3104 nervo
758 3047 948 3104 excurrente
969 3038 1186 3121 mucronatis,
1242 3039 1332 3111 etalis

58 3128 167 3212 acutis
189 3128 269 3217 stylo
288 3126 387 3194 ovarii
408 3125 623 3212 longitudine,
645 3126 793 3212 stigmate
814 3125 965 3213 capitato,
987 3125 1166 3194 seminibus
1185 3060 1262 3195 8-ἷο
1282 3129 1333 3194 lae-

58 3215 144 3284 vibus
164 3217 263 3284 dorso
287 3215 507 3283 canaliculatis
532 3231 576 3297 aa.

99 3324 175 3384 Hab.
195 3325 226 3382 iu
257 3325 382 3383 desertis
408 3323 535 3398 AEgypti
552 3323 640 3394 (Del.
661 3323 757 3383 Auob.
777 3339 842 3380 ens.
867 3316 1014 3404 atilli),
1035 3322 1112 3381 inter
1130 3313 1279 3382 Kabiram'
1295 3328 1325 3382 et

59 3410 130 3472 Susa
142 3414 242 3488 (Boios
250 3413 281 3492 l),
300 3414 330 3472 in
347 3413 466 3473 deserto
483 3413 625 3473 Sinaitioo
644 3409 739 3491 (Bone
752 3407 784 3492 l).
802 3410 848 3470 1⁴¹1.
867 3409 941 3486 Apr.

100 3509 155 3575 Αι.
178 3521 298 3592 Geogr.
323 3513 454 3589 Algoriae
471 3513 620 3572 interioris
638 3513 766 3572 deserta.

101 3735 143 3801 P.
159 3734 447 3822 Memphitica
466 3731 548 3820 (Del.
571 3732 633 3797 loe.
649 3731 703 3796 oit.
727 3751 759 3818 p.
776 3727 853 3812 243,
874 3729 940 3796 tab.
957 3727 1013 3812 aa,
1033 3729 1088 3815 fig.
1105 3728 1140 3819 i)
1161 3732 1268 3830 patule
1281 3753 1334 3799 ve-

60 3819 174 3904 lotius,
207 3823 353 3890 caulibus
371 3819 540 3910 prostratis
560 3818 728 3884 herbaeeis
749 3817 899 3899 ramosis,
931 3816 1016 3884 loliis
1036 3817 1192 3906 oppositis
1210 3821 1257 3886 vel
1278 3841 1334 3908 ag·

60 3911 196 3998 gregatis
223 3908 481 3996 ovato-oblongis
506 3906 735 3974 obtusiusoulis
761 3906 793 3972 in
824 3906 979 3994 petiolum
1010 3905 1202 3990 attenuatis,
1234 3909 1335 3996 eymis

62 3999 280 4068 terminalibus
299 3997 497 4088 pausilloris,
530 3995 647 4084 calycis
667 3993 793 4062 laciniis
813 3993 905 4060 hirtis
927 3993 1042 4061 lineari
1056 4031 1070 4044 -
1083 3995 1336 4082 subspatbulatis

61 4089 309 4156 concauiusoulis
328 4085 465 4168 obtusis,
485 4083 599 4173 petalis
618 4083 992 4168 oblongo-lanceolas,
1020 4081 1101 4172 stylo
1129 4083 1335 4170 brevissimo,

63 4177 250 4244 staminibus
270 4175 425 4258 recurvis,
457 4172 635 4239 seminibus
662 4170 937 4240 numerosissimis
967 4171 1068 4239 ovatis
1099 4185 1148 4257 Θ.
1182 4173 1337 4240 Araersio

63 4263 267 4352 Memphitica
286 4263 382 4331 Fenzl
400 4263 435 4329 in
454 4261 546 4329 Endl.
568 4259 649 4327 Gen.

103 4373 177 4433 Hab.
201 4375 230 4432 io
247 4375 334 4432 eultis
352 4377 381 4431 et
399 4370 532 4429 arenosis
551 4366 686 4442 AEgypti‚
709 4383 801 4441 prope
819 4366 962 4427 Kahiram
989 4367 1018 4425 in
1036 4365 1141 4427 insulis
1163 4367 1225 4426 Nili
1250 4366 1336 4450 (Dalt

65 4458 184 4546 aient),
208 4463 237 4522 in
254 4463 380 4522 desertis
396 4459 549 4520 Kabtnnis
567 4458 665 4533 (Boiss
677 4455 685 4516 l
698 4449 730 4541 )‚
750 4456 780 4513 in
809 4455 943 4533 AEgypto
963 4457 1108 4530 superiori
1135 4456 1243 4536 (Anah.
1273 4476 1337 4518 exs.

64 4545 190 4633 28031),
209 4553 288 4613 eirea
305 4550 407 4611 Esneh
426 4545 588 4634 (Kralikl).
607 4547 652 4606 Fl.
672 4545 746 4622 Apr.

1112 4653 1144 4708 tl
