3242 5186
879 349 945 416 384

154 544 158 553 ,
271 485 387 552 montis
416 485 559 552 eboratis
590 486 749 554 terminali
783 488 919 570 rna'ori,
951 489 1128 574 segmentis
1161 487 1312 556 foliorum
1344 490 1557 578 superiorum

268 574 446 641 linearibus
467 573 631 655 brevibus,
652 575 768 662 sepalis
787 511 921 661 glabris
944 577 1068 644 siliculrt
1089 577 1263 665 bispidulet,
1292 579 1396 646 loculo
1418 578 1557 646 incurro

269 663 360 752 apice
380 662 412 729 in
433 665 515 729 alam
536 662 691 729 linearem
713 675 893 730 truncatam
915 687 953 732 eo
974 687 1038 732 non
1060 667 1207 733 latiorem
1228 666 1362 732 abeunti
1386 675 1439 746 Θ.

315 771 391 834 Hab.
410 770 439 828 in
457 769 605 828 umbrosis
623 769 734 829 Persiae
750 771 889 830 australis
907 771 945 830 arf
960 771 1085 832 Dalccbi
1104 777 1133 830 et
1150 770 1228 831 Gere
1246 771 1308 848 (Ky
1327 790 1390 832 exs.
1410 770 1454 834 67
1469 769 1478 831 l
1492 772 1514 850 ).

314 860 420 919 Planta
437 865 540 918 tenera
558 876 676 917 ramosa
694 860 884 936 semipedalis
910 860 988 920 follis
1011 861 1072 920 fere
1101 862 1263 922 Valeriane
1280 863 1400 935 diemo,
1430 861 1559 922 siliculae

272 946 328 1011 7-8
346 951 439 1010 lineas
457 951 563 1023 longe,
579 949 655 1006 infra
681 949 809 1008 loculum
826 950 936 1024 ungulo
955 950 1018 1010 fere
1037 960 1120 1012 recto
1140 958 1293 1012 curvatum
1313 957 1425 1012 teretes
1443 968 1556 1012 vacue.

312 1187 343 1254 1.
367 1185 587 1284 rugulosa
617 1183 742 1270 (Bonge
762 1183 795 1248 in
815 1183 892 1271 litt.)
925 1185 1135 1270 glaberrima,
1165 1186 1255 1252 caule
1276 1185 1384 1252 abasi
1405 1205 1554 1264 ramoso,

269 1273 354 1342 foliis
374 1272 568 1340 radicalibus
588 1272 754 1340 sessilibus
774 1271 922 1359 oblongis
942 1273 1010 1340 basi
1036 1274 1210 1341 attenuatis
1234 1273 1555 1362 repando-dentatis,

269 1361 405 1430 caulinis
425 1360 535 1449 paucis
555 1360 732 1428 linearibus
753 1359 909 1444 minimis,
929 1361 1095 1450 perlicellis
1119 1363 1268 1446 birtellis,
1290 1363 1399 1451 calyce
1426 1362 1554 1448 glabro,

270 1451 395 1518 siliculu
415 1450 540 1536 glabre,
571 1449 675 1516 loculo
706 1450 909 1516 tuberculato
941 1471 1060 1536 rugoso
1088 1451 1222 1519 incurvo
1250 1451 1284 1518 in
1312 1452 1395 1518 elam
1427 1453 1557 1538 planam

271 1549 577 1608 truncato-retusam
597 1559 635 1604 eo
655 1537 803 1606 latiorem
824 1537 956 1605 abeunti
981 1547 1032 1620 Θ.

315 1635 391 1694 Heb.
410 1635 439 1692 in
457 1634 560 1692 Perus
579 1635 654 1691 inter
670 1633 801 1692 Kerman
820 1643 849 1692 et
866 1633 947 1692 Yezrl
961 1641 991 1692 et
1008 1635 1083 1693 inter
1095 1633 1179 1694 Yezd
1197 1641 1226 1694 et
1245 1633 1373 1710 Ispahan
1389 1629 1553 1716 (Bungel).

316 1723 445 1798 Pedalie,
469 1723 585 1782 silicula
605 1723 716 1781 minuta
733 1729 861 1797 angusta
878 1724 926 1780 vix
943 1721 1075 1785 5-llneas
1103 1725 1211 1800 longa3
1229 1725 1327 1783 differt
1349 1743 1367 1782 a
1392 1725 1554 1798 speciebus

270 1813 507 1890 praecedentibus
531 1812 628 1871 loculo
655 1814 796 1887 ruguloso
815 1820 845 1870 et
866 1815 1021 1872 transitum
1038 1817 1152 1890 prabet
1169 1814 1208 1872 ad
1226 1813 1433 1890 Schimperam
1454 1814 1553 1874 loculo

272 1911 426 1964 crusteceo
445 1919 500 1962 nec
517 1903 743 1961 membranaceo
762 1902 913 1960 donatam.

803 2150 1022 2227 scriturum

270 2277 411 2372 (llocbst.
438 2284 468 2351 ct
495 2276 542 2349 St.
567 2276 598 2349 in
626 2274 712 2348 retr.
739 2275 815 2349 Gen,
844 2273 922 2348 88⁹.
950 2318 995 2326 -
1022 2273 1150 2348 frrlllls
1181 2271 1280 2346 llnll.
1306 2275 1338 2346 in
1364 2272 1452 2346 llnrll.
1477 2272 1550 2348 Gen.

787 2397 879 2492 Suppl
917 2395 1035 2492 llll).

314 2625 408 2716 Calyx
428 2639 541 2716 patens
560 2627 630 2694 basi
650 2627 795 2716 aequalis
819 2625 925 2692 Petale
937 2626 1074 2714 nequalia
1088 2625 1226 2713 integra.
1250 2627 1430 2696 Filumenta
1450 2628 1549 2695 libera

271 2715 433 2782 edentula.
467 2717 596 2784 Silicula
615 2715 822 2782 indebiscens
840 2715 946 2782 loculo
965 2725 1058 2781 ovato
1078 2726 1245 2783 crustaceo
1265 2718 1549 2786 scrobiculato-tu-

270 2803 437 2871 berculato
468 2815 573 2872 rostro
605 2805 701 2890 longo
731 2802 1046 2891 lineari-compresso
1079 2815 1243 2891 superato.
1278 2804 1393 2874 Semen
1417 2806 1547 2874 unicum

270 2892 461 2980 pendulum.
496 2892 706 2982 Cotylcdones
726 2891 950 2959 incumbentes
970 2912 1129 2959 concurre.
1152 2931 1196 2942 —
1216 2893 1332 2961 Herbae
1353 2916 1470 2962 annuae
1488 2894 1547 2961 llo·

271 2979 363 3046 ribus
377 2981 519 3048 minimis
532 2981 640 3063 luteis,
662 2980 799 3046 racemis
819 2979 993 3047 fructiferis
1012 2980 1117 3066 longis
1134 2980 1370 3065 crassiusculis‚
1385 2982 1547 3074 pedicellis

269 3068 423 3136 brevibus
446 3069 644 3136 incrassatis.
679 3068 787 3136 Genus
817 3068 857 3136 ab
886 3067 1022 3136 Isutr'dr's
1052 3068 1194 3136 sectione
1224 3069 1414 3157 Apterolebo
1444 3072 1546 3139 loculo

269 3156 359 3224 brevi
379 3172 544 3226 crustaceo
563 3177 624 3224 nec
644 3157 792 3243 elongato
813 3155 949 3244 fungoso
969 3177 1011 3223 an
1031 3155 1108 3223 satis
1121 3155 1323 3226 distinctum.

312 3372 352 3441 S.
370 3371 563 3441 Arabica
587 3367 734 3455 (llocbst.
757 3379 789 3435 et
807 3367 851 3436 St.
876 3367 910 3434 in
928 3366 1071 3454 Schimp.
1095 3368 1137 3454 pl.
1161 3367 1258 3436 Arab.
1281 3374 1364 3457 ers.)
1383 3369 1544 3458 papillari-

268 3460 409 3544 birtella,
430 3458 514 3526 foliis
532 3455 680 3557 oblongis
700 3456 838 3524 dentatis
849 3457 898 3523 rel
912 3454 1313 3556 runcinato-pinnatifrdis‚
1335 3457 1467 3525 caulinis
1484 3479 1542 3524 an-

268 3559 360 3637 guste
380 3547 557 3615 linearibus
578 3545 646 3612 basr
667 3543 1029 3631 auriculatosagittatis
1062 3543 1195 3610 siliculis
1218 3546 1474 3636 honromorpbis‚
1493 3546 1541 3612 lo-

269 3641 342 3704 culo
362 3647 454 3705 ovato
474 3635 564 3702 valde
582 3632 804 3718 tuberculato,
826 3643 930 3700 rostro
950 3633 1040 3700 valde
1060 3630 1193 3720 obliquo
1220 3635 1326 3702 loculo
1355 3637 1447 3725 triplo
1470 3635 1540 3701 lon-

276 3747 351 3793 rorr
390 3763 427 3792 ·.
1004 3793 1008 3798 ,

268 3747 286 3813 g
315 3735 440 3879 chPin
461 3819 579 3878 deserto
598 3813 716 3876 Arabim
733 3819 842 3891 petrea
861 3809 1005 3897 (Schimp.
1024 3832 1086 3875 exs.
1105 3809 1173 3877 ete
1185 3811 1192 3874 !
1204 3815 1349 3898 ‘Boissl),
1369 3816 1487 3892 Assyria
1500 3816 1540 3873 ed

269 3910 452 3984 Euphratem
473 3901 601 3985 (Obesnl
615 3905 637 3983 ).
659 3919 662 3928 ·

314 3999 421 4058 Planta
450 3995 531 4060 842
556 3995 723 4070 polliceris,
743 3995 852 4054 racemi
871 3993 1015 4052 fructiferi
1032 3994 1124 4070 rigidi
1142 3992 1202 4058 4-6
1220 3996 1400 4072 pelliceret,
1419 3999 1538 4054 rostrum

269 4083 375 4171 2¹12&
393 4089 488 4146 lineas
506 4089 626 4160 longum
645 4085 754 4142 lineam
772 4083 927 4142 dimidium
943 4084 1049 4142 latum.

312 4175 347 4259 β.
371 4173 561 4258 lusiocerpu.
585 4165 715 4234 Silicula
735 4167 834 4234 dense
853 4165 1144 4254 papillosolanata.

313 4269 393 4328 Hab.
418 4268 448 4325 in
466 4267 583 4324 deserto
602 4263 678 4320 inter
695 4260 794 4322 Nuckl
811 4267 841 4321 et
857 4259 940 4321 (luza
957 4253 1060 4345 (Boiss
1071 4262 1106 4339 t).

311 4462 351 4532 S.
363 4461 544 4532 Persica
556 4455 670 4544 (Boiss.
694 4453 727 4520 in
747 4453 793 4542 try
814 4453 858 4539 pl.
874 4473 937 4520 ers.
954 4451 1101 4518 rsus-
1114 4451 1227 4539 Diegn.
1244 4452 1312 4521 Ser.
1332 4453 1357 4536 l,
1371 4453 1424 4536 lll,
1438 4473 1467 4552 p.
1482 4448 1536 4536 l8)

269 4547 569 4640 pupillari-birtella,
599 4541 682 4611 foliis
705 4540 967 4608 lato-linearibus
987 4540 1268 4610 sinuato-dentatis
1288 4543 1336 4609 vel
1357 4549 1536 4609 runcinatu-
