3134 5174
887 351 952 419 114

322 473 399 532 Hab.
416 472 555 548 frequens
571 473 601 531 in
620 472 804 546 rnpestrssms
826 475 856 532 et
873 473 960 532 ruitis
984 471 1146 532 Antilibani
1165 471 1202 529 etl
1228 469 1385 546 Raselreya
1399 468 1540 548 (Baiani),

276 561 407 622 Zebdani
422 561 493 637 (Ky.
512 579 574 622 ers.
595 559 632 622 lt
647 563 685 638 l),
704 562 884 622 Damascum
898 550 1042 642 (Gaittl),
1062 561 1100 620 ad
1119 561 1243 638 Argaea
1258 560 1385 620 Maaden
1406 562 1542 622 Armenia

279 650 362 712 herb.
382 651 500 712 Vindob
512 647 543 732 l).
563 651 610 713 rt.
627 653 747 711 ineunte
765 657 828 711 ast.

323 753 498 812 lndnmento
525 753 672 826 notabile,
700 751 882 827 semipedale
904 751 999 811 rarius
1028 752 1153 828 pedale,
1178 752 1278 826 petala
1296 753 1339 810 eis
1369 750 1405 812 P.
1425 753 1544 812 riaetis

279 843 374 920 magis
391 843 430 901 ad
446 843 567 901 rubrum
583 843 746 914 vergentia.

320 939 356 1020 β.
381 938 583 1003 irwrootum.
617 934 753 1023 Capsule
780 934 955 1002 turbinata.
984 933 1024 1002 P.
1055 935 1248 1002 inornatum
1277 933 1389 1004 Schott
1418 935 1541 1005 OEsterr.

278 1025 457 1092 Woohenb.
475 1024 525 1106 lV,
548 1045 578 1112 p.
601 1022 678 1090 233.

323 1131 399 1191 Hah.
417 1133 447 1189 in
463 1131 564 1190 Taum
582 1129 704 1190 (lilieieo
723 1125 914 1210 (Kotsehyll.

323 1375 367 1442 P.
391 1375 656 1460 laeviqatum
688 1371 770 1457 (ΜΒ.
808 1371 905 1438 Tanr.
933 1370 1027 1437 Caue.
1063 1369 1122 1452 ΙΙΙ,
1152 1393 1184 1459 p.
1218 1368 1297 1459 364)
1329 1373 1478 1457 glabrum
1503 1375 1544 1440 vel

279 1483 375 1550 perce
394 1463 593 1542 setulosum,
622 1459 707 1528 loliis
737 1458 988 1548 pinnatipartitis
1019 1459 1210 1527 radicalium
1243 1460 1367 1528 laciniis
1388 1462 1486 1530 ovatis
1503 1463 1543 1529 vel

279 1550 426 1637 oblongis
454 1549 599 1626 obturata,
631 1547 747 1636 sepelis
777 1568 874 1636 parce
905 1547 1073 1628 setulosi5‚
1100 1549 1215 1636 petalis
1246 1549 1380 1616 minutis
1412 1551 1544 1618 obovatis

279 1638 453 1727 purpureis
472 1639 590 1724 saepius
611 1635 788 1718 maculatis,
811 1636 954 1702 aetheris
973 1635 1115 1704 breviter
1134 1638 1248 1721 oretis,
1269 1639 1402 1726 oapsuli
1422 1637 1488 1706 basi
1506 1649 1544 1707 et·

280 1733 409 1794 tenuati
444 1726 608 1793 turbinati
638 1727 686 1791 vel
716 1724 996 1810 oblongo-oleveti
1026 1724 1115 1794 disco
1146 1726 1414 1808 eonveriuseulo‚
1446 1727 1541 1814 stigm.

278 1814 429 1895 8-100.
456 1815 496 1881 Ρ.
523 1815 660 1881 dubiem
683 1835 754 1880 vor.
779 1813 966 1900 taeeporom
985 1813 1053 1880 Ellr.
1077 1814 1160 1882 Mon.
1191 1836 1223 1902 p.
1250 1813 1303 1882 25.
1328 1815 1417 1882 loon.
1453 1815 1540 1882 Rolrb.

278 1905 301 1971 l.
324 1903 411 1970 4478
431 1904 470 1970 ad
491 1903 532 1969 P.
554 1903 693 1968 dubium
712 1901 818 1989 potius
837 1911 970 1990 spectat.

325 2011 403 2071 Eeb.
425 2013 454 2068 in
472 2009 558 2070 onltia
575 2007 699 2068 Graeoiae
725 2011 755 2067 in
779 2010 875 2068 insulai
899 2007 1010 2068 Salami
1028 2007 1171 2089 (statut),
1191 2009 1339 2070 Armenia
1356 2011 1396 2070 ad
1416 2011 1544 2071 lli-rernm

281 2099 391 2178 (Anah.
411 2117 473 2160 exe.
492 2097 573 2161 5751
593 2088 701 2182 calvi)
720 2105 750 2158 et
766 2099 805 2158 ad
821 2095 1057 2158 (lnmnohlrhant
1078 2091 1232 2178 (Bourgl),
1250 2097 1379 2160 Gaueesi
1406 2107 1437 2162 et
1465 2119 1542 2176 pror.

281 2190 602 2249 Transoauoesiearum
629 2185 703 2269 (ΜΒ.
722 2179 877 2268 otuu,
896 2188 1006 2247 Persiae
1023 2189 1153 2248 borealis
1172 2196 1202 2248 et
1225 2191 1329 2249 media
1357 2187 1469 2270 (Anoh.
1491 2209 1545 2250 ers.

277 2277 361 2342 568!
376 2276 485 2342 4046)
507 2279 566 2354 Ky.
585 2296 648 2339 exe.
665 2265 721 2339 244
743 2280 797 2340 snb
818 2281 852 2339 P.
877 2272 1042 2362 Deooirnei)
1062 2284 1092 2338 et
1115 2296 1209 2354 prope
1226 2279 1307 2338 Yazd
1325 2269 1462 2356 (Buhsei,
1487 2298 1543 2356 spe·

279 2371 387 2430 eimina
403 2371 583 2446 incompleta
601 2387 619 2426 a
636 2387 682 2426 me
702 2370 783 2443 prius
800 2388 865 2444 pro.
886 2370 919 2429 P.
940 2369 1123 2446 planetilido
1143 2369 1233 2428 Moris
1253 2367 1374 2450 habita).
1394 2371 1440 2429 Fl.
1457 2376 1515 2428 ast

320 2474 424 2533 Floras
439 2491 492 2532 eos
511 2473 544 2532 Ρ.
561 2488 736 2547 arpemonee
752 2490 810 2531 non
827 2478 1012 2549 superantes.
1031 2470 1162 2548 (lapsula
1176 2473 1361 2548 longitudine
1380 2474 1485 2532 variat.

323 2735 367 2801 P.
391 2730 815 2801 chelidonlaelolium
836 2729 950 2817 (Boiss.
975 2739 1006 2796 et
1030 2729 1134 2797 Buhse
1163 2727 1253 2796 Aulz.
1282 2750 1313 2816 p.
1344 2727 1403 2812 lt,
1426 2727 1489 2794 tab.
1515 2725 1542 2806 3,

280 2822 335 2907 fig.
360 2821 393 2908 l)
425 2820 536 2887 solutis
566 2819 718 2886 tenuibus
742 2819 867 2886 inlerno
892 2819 1009 2906 patulis
1036 2838 1175 2906 superne
1206 2817 1370 2905 adpressis
1401 2815 1543 2894 obsitum,

280 2912 371 2978 eeole
391 2908 502 2996 gracili
523 2909 606 2974 elato
626 2929 775 2990 ramoso,
796 2908 880 2974 loliis
900 2909 908 2972 l
932 2907 1011 2974 ratis
1032 2906 1208 2994 segmentis
1234 2905 1425 2972 lateralibus
1451 2903 1544 2970 utrin-

281 3019 343 3086 que
364 2996 419 3064 1-4
439 2996 632 3064 distantibus
651 2996 757 3084 parvis
776 2996 877 3064 ovatis
896 2930 1010 3064 eloneo
1022 2995 1162 3062 coenatis
1182 2993 1344 3062 terminali
1365 2994 1466 3060 multo
1484 3013 1544 3058 rna·

278 3086 356 3175 jori,
373 3086 487 3174 petalis
508 3083 633 3166 rubris,
659 3085 803 3151 authoris
835 3085 954 3166 evelle,
976 3085 1107 3172 capsuli
1139 3082 1280 3150 breviter
1310 3083 1447 3150 oboveti
1475 3077 1543 3147 disci

282 3175 389 3241 crenis
408 3173 638 3255 obtusissimis
659 3173 767 3260 stigm.
790 3171 810 3238 6
833 3181 884 3253 Θ.

326 3281 402 3339 Hab.
420 3280 449 3338 in
475 3297 560 3354 prov.
581 3276 690 3337 Ghilan
710 3278 819 3339 Persia
837 3280 902 3338 bor.
922 3277 959 3336 ad
985 3277 1176 3337 Labidsehan
1192 3279 1222 3334 et
1238 3275 1334 3336 Reeht
1352 3273 1501 3353 (Butam),
1519 3272 1544 3329 in

283 3387 367 3444 prov.
389 3369 586 3427 Menanderan
605 3384 699 3443 prope
716 3367 848 3427 Asohref
862 3364 977 3447 (Bnnge
988 3368 994 3424 l
1006 3368 1028 3442 ).
1048 3365 1093 3426 rt.
1111 3383 1192 3426 vero.

327 3471 551 3547 Sesquipedale‚
568 3469 639 3528 lolia
651 3470 796 3529 radicalia
812 3466 869 3532 4-5
883 3469 1037 3544 polliearla
1053 3471 1123 3529 lobo
1141 3467 1291 3527 terminali
1308 3467 1377 3542 plns
1396 3484 1482 3542 qnam
1493 3461 1544 3538 pol·

284 3561 381 3634 lioari,
401 3561 489 3620 liores
517 3560 560 3618 eis
588 3557 621 3616 P.
647 3560 775 3620 attendis
793 3560 921 3619 minores
939 3559 968 3617 in
994 3559 1144 3618 alabastro
1168 3557 1263 3618 solum
1283 3557 1445 3616 observati.
1465 3552 1542 3626 Cape.

284 3651 406 3726 magnit.
423 3650 457 3709 P.
480 3649 654 3709 conmutata

570 3863 606 3934 ><
640 3865 675 3936 ><
705 3858 788 3922 Diaei
808 3877 904 3921 erana
921 3859 999 3919 inter
1017 3876 1051 3919 se
1069 3859 1226 3918 distinete.

330 4067 374 4134 P.
398 4065 683 4134 turbinatam
713 4064 780 4152 (uc.
814 4063 894 4152 Syst.
927 4062 953 4145 l,
984 4084 1017 4162 p.
1050 4061 1113 4150 64)
1138 4061 1408 4128 albo-setulosum
1435 4081 1452 4126 e
1477 4055 1547 4124 oollo

287 4153 486 4235 multicanle,
507 4152 652 4219 oeulibus
671 4151 803 4240 pumilis
823 4150 1098 4238 snbsimplroibus‚
1121 4149 1205 4216 loliis
1219 4150 1252 4215 in
1271 4149 1406 4216 lacinias
1425 4152 1547 4232 anguste

285 4243 426 4309 lineares
451 4241 499 4306 vel
530 4240 686 4326 oblongas
709 4239 841 4307 obtusas
867 4239 1139 4326 pinnatipartitis,
1168 4237 1284 4324 sepelis
1308 4257 1405 4325 paroe
1432 4231 1545 4328 setosis,

286 4330 401 4420 petalis
420 4327 670 4396 suborbioulatis
696 4327 888 4416 purpureis,
910 4327 1055 4394 aetheris
1081 4327 1222 4393 breviter
1252 4325 1353 4392 oratis
1377 4323 1544 4412 epiculetrs,

287 4419 416 4508 capsula
435 4415 768 4500 oboram-turbinata,
793 4415 899 4502 stigm.
925 4413 983 4480 7-8
999 4423 1049 4496 Θ.

330 4528 407 4586 Hab.
425 4526 501 4585 inter
519 4524 644 4600 Bagdad
660 4531 691 4583 et
706 4521 1025 4599 Kermanehah'(Oliv.
1044 4528 1074 4582 et
1088 4523 1170 4599 Brng
1182 4511 1189 4580 i
1201 4513 1223 4607 ).
