3228 5204
873 377 938 448 734

266 513 459 604 compressis
479 513 843 585 eborata-orbiculatis
869 519 1062 586 iaeviuscuiis
1087 521 1148 588 iate
1177 521 1274 588 atatis
1316 530 1363 594 tt.
1399 525 1555 590 Arenaria

266 605 453 758 nmrlpiuuta
474 625 524 672 nc.
551 606 591 670 tc.
615 626 680 672 rar.
706 605 768 673 tab.
786 606 840 674 tt.
862 647 906 655 -
926 609 1106 676 Art-inedia
1128 611 1159 676 t.
1175 611 1230 699 Sp.
1257 609 1326 678 606
1346 614 1429 678 esci.
1445 634 1552 702 synon.

359 694 441 760 tsine
460 695 591 760 murina
611 695 718 762 Wubt.
742 693 835 763 Suec.
859 695 935 763 eet.

313 798 401 858 Habi.
419 799 449 858 in
467 801 620 860 maritimis
637 807 667 860 et
684 802 874 862 interioribus
894 803 981 862 salsis
994 803 1177 865 Maccdoniae
1196 801 1321 886 (Frirt),
1342 825 1432 882 pror.
1445 806 1555 868 Oenea·

267 889 394 948 sicarum
422 889 459 947 ad
483 908 562 948 mare
582 889 721 966 Caspium
741 891 956 971 (deutur),
981 893 1092 954 Persiae
1110 895 1183 954 bor!
1205 893 1373 978 (Bubsei),
1394 898 1556 972 Affghanta

267 979 305 1037 ad
322 979 416 1037 Herat
434 977 592 1058 (Banget).

312 1078 422 1154 Sepeia
439 1081 503 1139 basi
523 1081 630 1156 sepius
649 1083 855 1156 eglandniosa.

313 1179 371 1244 Ar.
395 1180 518 1259 Goossr.
536 1184 675 1261 Europa,
693 1185 796 1246 Afriaa
810 1187 959 1264 borealis,
984 1186 1094 1247 Sibiria
1109 1187 1244 1262 Attaica,
1263 1191 1407 1251 America
1424 1192 1553 1251 borealis

268 1279 298 1332 et
312 1274 462 1349 australis,
476 1273 576 1334 Proin.
595 1275 685 1334 Boura
701 1274 782 1350 Spei.

438 1695 442 1704 ·
534 1649 684 1724 Oltbt)
717 1653 826 1728 XIV.
859 1653 1281 1731 PARONYCHOEAE.

622 1813 762 1886 St-Hit.
796 1815 906 1886 Mem.
931 1814 1034 1889 Plac.
1066 1843 1102 1913 p.
1130 1813 1197 1890 56.

312 2095 420 2164 Flores
441 2097 618 2182 regulares.
645 2094 737 2183 Catyx
757 2095 777 2162 5
799 2095 903 2163 rarius
927 2095 1107 2184 tpartitus
1125 2096 1324 2163 aestiratione
1344 2095 1551 2174 imbricatim,

265 2186 453 2272 persistens
471 2185 576 2251 Petale
590 2183 721 2250 totidem
740 2205 824 2284 saepe
835 2205 934 2272 parva
947 2185 1112 2252 interdurn
1124 2185 1374 2252 staminiformia
1389 2185 1440 2250 vet
1454 2185 1550 2266 uuita,

266 2273 364 2362 calyci
385 2274 506 2342 inserta
532 2273 666 2360 ejusque
687 2273 811 2338 laciniis
832 2273 967 2340 alterna.
990 2272 1133 2340 Stamina
1152 2273 1241 2340 disco
1261 2273 1409 2360 eaiycino
1431 2272 1550 2339 inserta

265 2363 434 2451 hypogyna
453 2363 500 2428 vei
544 2361 690 2448 aigyna,
711 2381 848 2428 nurnem
872 2361 999 2428 laciniis
1019 2363 1136 2451 calycis
1155 2383 1182 2430 ae
1207 2361 1292 2429 ualia
1312 2361 1362 2426 vei
1383 2361 1548 2447 pauciora,

265 2451 371 2518 rarius
390 2451 499 2540 dupla.
514 2383 663 2518 dranum
676 2449 815 2516 liberum
836 2451 940 2516 rarius
960 2450 1030 2516 basi
1050 2450 1150 2540 calyei
1171 2384 1324 2517 adnutum
1345 2449 1547 2516 unitoculare

264 2542 312 2608 vei
330 2540 582 2629 plurievuiatum
601 2539 703 2604 ovuiis
717 2541 870 2625 placentae
889 2539 1024 2606 centraii
1039 2539 1147 2606 liberae
1167 2538 1282 2620 affixis,
1305 2539 1354 2604 vel
1375 2538 1547 2605 unioruia·

265 2641 332 2696 turn
353 2630 447 2696 evulo
467 2649 483 2694 e
504 2627 647 2694 funiculo
667 2649 685 2694 a
704 2626 773 2693 basi
794 2625 889 2694 toeuti
910 2635 982 2694 orto
995 2628 1135 2715 pendulo
1155 2639 1211 2694 aut
1229 2637 1355 2706 erect0;
1378 2627 1479 2693 ovula
1492 2647 1550 2692 am

288 2717 416 2805 bitropa
447 2737 520 2784 raro
551 2714 801 2805 sernianatropa.
835 2713 909 2804 Styii
941 2713 1001 2782 bd
1027 2716 1179 2804 disjuncti
1209 2717 1257 2782 vei
1288 2714 1358 2782 basi
1390 2715 1547 2782 concreti.

265 2739 404 2872 gradus
432 2805 536 2872 siccus
561 2805 609 2870 vei
629 2803 819 2892 capsutaris,
841 2803 1050 2871 unilocuiaris
1071 2825 1319 2892 monospermus
1340 2802 1490 2870 trivalris
1508 2806 1549 2871 rel

266 2896 438 2962 dehiscens
465 2913 723 2981 monospermus.
738 2932 782 2940 -
801 2892 920 2959 Plantae
947 2892 1033 2960 sotiis
1058 2893 1235 2982 saepissime
1259 2891 1423 2978 stipulatis
1446 2891 1551 2958 rarius

267 2983 345 3050 exsti
370 2982 476 3064 utatis,
498 2981 653 3068 oppositis
673 2982 778 3048 rarius
798 2981 942 3049 alteruis.
956 3019 1001 3032 -
1018 2979 1104 3049 Ordo
1123 2982 1209 3048 iuter
1226 2981 1377 3048 Alsineas
1404 2991 1438 3048 et
1457 2981 1552 3048 Arnu-

266 3004 455 3139 reciderent
474 3069 617 3137 medium
637 3069 722 3136 inter
741 3090 795 3138 eas
815 3070 986 3137 transitum
1005 3071 1166 3157 praebens.
1192 3069 1401 3156 Polycarpeae
1420 3069 1552 3157 capsula

265 3161 471 3250 polyspermd
490 3159 617 3226 douatae
637 3158 677 3225 ab
697 3157 838 3225 Abineis
858 3159 1024 3245 stipulatas
1043 3159 1134 3247 stylis
1159 3157 1284 3225 coalitis
1302 3169 1430 3223 tautum
1458 3157 1551 3224 diffe-

268 3261 355 3316 runt.
379 3247 558 3316 literedreoe
577 3257 612 3312 ut
631 3246 896 3314 Amara-atheram
919 3246 1028 3314 orario
1047 3246 1235 3314 uniovulato
1255 3246 1425 3312 instructas
1444 3245 1489 3311 ab
1509 3246 1552 3312 eis

267 3337 351 3404 toliis
370 3333 529 3424 stipulatis
549 3345 579 3402 et
599 3333 774 3422 generibus
793 3333 957 3402 nonnullis
981 3335 1143 3403 corollatis
1168 3335 1273 3402 solum
1299 3332 1550 3420 distinguntur3

267 3427 375 3514 sepata
394 3425 528 3512 insuper
546 3425 658 3491 saitem
683 3423 722 3489 ad
743 3421 885 3490 medium
904 3423 1064 3491 herbacea
1083 3433 1158 3491 sunt
1172 3421 1377 3490 necomnino
1391 3421 1549 3489 scariosa.

265 3513 482 3582 sennensem
511 3511 595 3580 soliis
625 3510 823 3599 exstiputatis
849 3512 889 3580 ad
909 3513 1185 3580 Amarantbnceas
1214 3513 1406 3579 accedentes
1432 3509 1476 3576 ab
1505 3510 1550 3576 eis

266 3602 376 3670 orario
395 3601 571 3683 biorulato,
602 3599 737 3667 floribus
764 3620 848 3688 saepe
875 3601 1037 3669 coroiiatis
1061 3611 1093 3669 et
1116 3599 1234 3690 calycis
1254 3598 1380 3668 laciniis
1400 3611 1551 3685 exparte

266 3689 435 3758 herbaceis
459 3689 639 3756 discedunt.
673 3687 877 3756 Pterautheae
902 3689 944 3756 ob
971 3689 1155 3778 embryonis
1181 3698 1378 3755 structuram
1405 3686 1551 3754 subauc-

266 3780 359 3846 maiae
379 3788 465 3845 sunt.
500 3777 558 3843 iiie
576 3778 657 3845 orde
676 3775 807 3842 tandem
826 3799 845 3844 a
863 3777 1067 3846 Pirtnmaets
1093 3777 1287 3846 staminibus
1313 3774 1430 3866 petatis
1458 3777 1549 3862 (cum

266 3869 397 3955 adsunt)
418 3865 549 3933 alternis
569 3886 630 3932 nec
648 3863 817 3953 oppositis,
838 3886 857 3932 a
876 3865 1083 3956 Motlupiueis
1104 3877 1136 3934 et
1151 3865 1311 3934 Ficoideis
1335 3864 1447 3933 orario
1481 3864 1549 3930 uni·

265 3954 402 4044 locutari
422 3953 644 4041 distinguitur.

512 4269 767 4346 suboubo
796 4269 832 4344 1.
862 4267 1299 4342 PERIEMBRYEAE.

312 4493 450 4580 Embryo
469 4490 701 4580 peripbaericus
720 4489 871 4556 albumen
892 4489 1036 4575 cingens.
