3228 5204
677 425 741 494 763

107 663 162 729 M.
175 662 441 732 Germanica
461 662 511 749 (h.
525 661 577 749 Sp.
593 659 657 728 367
678 660 738 728 sub
759 657 937 748 Toetoricc)
958 657 1043 726 loliis
1062 654 1345 740 lineari-oblongis

57 749 188 816 obtusis
208 751 277 818 basi
297 751 490 832 rotundatis,
523 749 661 817 racemis
682 747 906 816 terminalibus
927 745 1146 833 simplicibus,
1180 743 1344 832 pedicellis

58 837 162 926 calyci
182 839 373 938 aeqrrilongis
392 840 440 905 vel
460 837 743 920 subbrevioribus,
769 836 909 904 bracteis
928 858 946 902 e
965 834 1034 902 basi
1054 833 1346 901 ovato-lanceolata

60 926 258 996 acuminatis
277 929 338 995 late
359 928 616 995 membranaceis
640 926 818 995 sublaceris
845 924 946 992 acutis
973 925 1113 1012 calyeem
1140 921 1345 1010 aequantibus

57 1017 112 1082 vel
132 1017 371 1104 superantibus,
394 1017 509 1104 sepalis
529 1015 715 1084 lanceolatis
739 1023 769 1094 5.
803 1015 848 1081 M.
873 1012 1067 1082 Germorcica
1087 1010 1178 1079 Desv.
1201 1012 1264 1077 loe.
1287 1009 1341 1077 cit.

59 1104 109 1170 M.
133 1104 285 1172 berhaeae
305 1105 397 1172 llesr.
419 1106 482 1172 loc.
505 1105 570 1172 cit‘l

112 1213 190 1276 Hab.
206 1215 244 1273 ad
261 1215 372 1274 rivulos
390 1215 418 1272 in
446 1215 567 1288 regione
588 1213 743 1288 montana,
764 1211 955 1286 Cappadocis
973 1208 1080 1288 (hrioli.
1110 1203 1215 1270 2825!
1244 1204 1343 1286 Ball),

64 1303 180 1363 Pontus
199 1300 347 1386 (Tentat),
367 1304 508 1364 Armenia
524 1303 654 1364 Tureica
670 1301 799 1378 (Tohibt
816 1299 963 1379 Bourgt),
983 1299 1097 1358 'Panria
1115 1305 1144 1358 et
1167 1315 1252 1373 prov.
1268 1294 1347 1358 Oan-

65 1394 203 1468 casicaet,
223 1394 328 1454 Persia
342 1394 474 1454 borealis
490 1389 553 1475 (ΚΥ
572 1410 634 1452 ers.
651 1387 737 1455 588!
757 1383 901 1474 Bubset),
918 1389 1093 1449 Khorassan
1111 1392 1141 1448 et
1157 1386 1263 1448 Persic
1279 1404 1346 1447 aus-

63 1483 152 1541 tralis
169 1483 245 1543 inter
262 1483 417 1546 Kbabbise
435 1491 464 1542 et
482 1483 613 1542 Kerman
641 1474 813 1564 (Bangel)‚
833 1479 993 1556 Affghania
1010 1477 1102 1556 (dria
1110 1475 1118 1538 !
1131 1472 1156 1562 ).
1175 1477 1221 1537 rt.
1240 1496 1258 1537 a
1276 1494 1347 1536 vere

62 1572 104 1631 ad
123 1579 303 1634 autumnum.

112 1673 217 1735 Omnia
235 1679 398 1752 specimina
415 1694 480 1753 quae
503 1676 563 1734 vidi
583 1676 624 1737 tl.
648 1677 795 1737 tertacee
813 1675 843 1732 in
861 1673 994 1734 Caucaso
1015 1673 1189 1733 indicatas
1214 1671 1253 1732 ll.
1274 1670 1348 1731 Ger-

61 1767 185 1828 manica
203 1785 260 1826 non
288 1769 441 1846 differunt3
460 1773 567 1841 praeter
591 1785 690 1826 ramos
709 1766 873 1825 berbaccos
891 1764 940 1839 qui
958 1763 986 1822 in
1006 1762 1062 1823 hdo
1087 1762 1188 1838 specie
1212 1762 1349 1838 Juniores

61 1874 184 1932 quoqne
196 1855 335 1918 herbacei
349 1863 416 1916 sunt
433 1855 474 1917 tl.
486 1856 628 1917 herbaceo
645 1857 767 1917 floribus
785 1854 997 1914 subsessilibns
1011 1853 1130 1913 differre
1149 1851 1266 1928 dicitur,
1286 1868 1350 1928 quae

63 1953 141 2005 nota
158 1952 204 2008 sat
219 1949 303 2006 firma
320 1964 386 2006 esse
403 1965 462 2007 non
479 1947 607 2025 videtur.

110 2179 163 2245 Μ.
186 2179 382 2248 mona
413 2177 538 2334 &Boiss
571 2191 601 2245 et
629 2179 713 2245 Huet
737 2178 851 2264 Diagn.
875 2176 945 2244 Ser.
971 2175 1017 2258 ll,
1041 2175 1089 2257 ll,
1112 2197 1143 2264 p.
1167 2173 1233 2261 58)
1265 2173 1350 2240 foliis

61 2266 369 2351 lineari-oblongis
396 2289 415 2335 o
442 2267 521 2335 tusis
548 2268 618 2336 basi
647 2267 828 2335 rotundatis
856 2261 1348 2348 membranaceo-marginatis,

60 2355 204 2422 racemis
225 2357 411 2423 lateralibus
428 2356 595 2424 sessilibus
615 2355 764 2442 oblongis
784 2355 906 2434 densiS,
927 2352 1093 2441 pedieellis
1106 2353 1210 2440 calyce
1224 2351 1350 2418 brevio-

61 2443 171 2526 ribus,
204 2443 343 2512 bracteis
373 2467 390 2512 e
421 2445 490 2512 basi
520 2445 570 2513 vir
601 2449 771 2532 angustata
802 2441 1120 2510 lineari-cucullatis
1145 2441 1268 2508 obtusis
1288 2441 1350 2507 late

60 2531 323 2600 membranaceis
343 2533 441 2623 calyci
462 2533 729 2623 subaequilongis‚
751 2532 868 2622 sepalis
888 2531 1074 2598 lanceolatis
1094 2528 1351 2596 membranaceis

59 2621 257 2707 marginatis
277 2621 400 2689 obtusis
420 2635 449 2700 5.

58 2728 187 2877 1¹¹¹Hpb.
205 2731 329 2879 inMvsdle
346 2731 499 2792 Kassnlaln
518 2732 666 2792 Armeniae
684 2731 820 2791 Tarcicae
833 2730 965 2810 (Huett),
986 2729 1024 2789 ad
1041 2729 1182 2788 Erzerum
1201 2723 1309 2811 (Oslvl
1325 2727 1350 2804 )·

102 2863 109 2877 .
158 2837 223 2895 pn·
255 2839 293 2880 ar.

108 2923 232 2984 Racemi
258 2922 341 2988 8-10
368 2927 463 2986 lineas
482 2927 563 3002 longi
581 2924 704 2986 rachide
722 2925 835 2986 inferne
853 2926 975 2986 floribus
1005 2923 1160 2984 destituta.
1188 2921 1216 2980 Α
1235 2937 1351 2997 prace-

58 3014 147 3072 denti
164 3018 288 3075 racemis
304 3017 486 3088 lateralibus,
507 3017 638 3077 bracteis
655 3016 826 3092 sepalisqne
844 3016 959 3076 obtusis
977 3013 1134 3081 distincta,
1151 3032 1168 3071 a
1186 3011 1226 3073 Μ.
1247 3010 1349 3072 Daou-

57 3105 130 3164 ricd
148 3121 211 3179 quat
226 3124 362 3165 racemos
378 3107 517 3166 laterales
530 3124 647 3183 quoque
664 3105 754 3166 habet
766 3106 865 3165 differt
881 3107 923 3164 eis
941 3123 998 3163 non
1017 3105 1106 3180 longe
1124 3103 1346 3178 pedunculatis,

57 3190 289 3271 foliis2-5p10
309 3197 472 3258 minoribus
490 3197 554 3256 basi
571 3214 629 3256 non
646 3197 737 3273 longe
755 3197 927 3255 attenuatis.

467 3455 638 3532 rinion
662 3456 708 3553 n.
738 3457 814 3532 sen.
843 3455 939 3550 aaa).

107 3673 162 3741 Cal
213 3673 268 3742 45
281 3676 401 3756 (rarius
414 3675 448 3763 6)
463 3675 612 3764 partitus.
637 3675 745 3746 Petala
757 3675 813 3742 aa
827 3675 949 3762 (rarius
962 3675 1009 3763 6).
1032 3676 1162 3744 Semina
1181 3677 1203 3743 li
1222 3679 1268 3744 vel
1281 3675 1350 3754 5-7,

58 3761 145 3830 8-10
179 3762 246 3830 isco
260 3765 451 3851 glanduloso
463 3773 596 3831 crenato
608 3763 744 3848 inserta,
758 3764 931 3830 filamentis
943 3763 1066 3832 liberis.
1081 3765 1221 3922 Stplibll
1231 3767 1353 3854 (rarius

56 3851 137 3936 2-5)
157 3851 320 3919 interdum
341 3851 538 3920 brevissimi.
560 3851 697 3941 Capsula
715 3852 928 3920 unilocularis
949 3853 1046 3920 vulvis
1066 3852 1103 3920 3-
1147 3856 1186 3922 ad
1208 3855 1351 3922 medium

54 3942 226 4029 placentas
246 3940 372 4009 inferne
393 3941 588 4008 incrassatas
618 3961 748 4008 sursum
779 3941 1038 4029 deliquescentes
1063 3943 1266 4028 gerentibus.
1295 3943 1351 4012 Se-

53 4029 149 4096 mina
169 4028 201 4096 in
223 4039 365 4097 rostrum
385 4051 404 4097 a
429 4029 498 4096 basi
521 4040 683 4097 comatum
705 4031 873 4117 producta.
895 4069 940 4079 —
966 4029 1112 4098 Frutices
1137 4032 1272 4100 ramulis
1299 4033 1352 4100 de·

53 4117 179 4200 oiduis,
212 4117 297 4185 loliis
316 4118 449 4186 minutis
471 4116 773 4206 squamiformibns,
794 4118 931 4186 lloribus
951 4119 1227 4208 hermaphroditis
1247 4120 1350 4188 raris-

53 4207 141 4274 sime
161 4205 286 4274 dioicis.
308 4206 479 4275 —Genus
499 4207 606 4295 quoad
626 4207 811 4296 specierum
836 4207 1106 4276 delimitationem
1127 4209 1273 4291 difficile,
1296 4209 1352 4276 hic

51 4295 170 4384 paucis
191 4295 322 4363 mutatis
342 4317 380 4363 ex
399 4295 637 4383 monographid
656 4295 901 4364 accuratissima
927 4297 1023 4364 amic.
1047 4319 1066 4365 a
1086 4297 1198 4384 Bunge
1222 4297 1351 4386 (Runge

54 4385 238 4452 Teutamen
269 4383 349 4451 Gen.
383 4384 511 4452 Tamar.
534 4383 665 4486 Dorpat.
690 4382 796 4473 1852)
818 4384 1015 4472 expositum,
1037 4385 1187 4453 ulteriori
1208 4386 1350 4453 examini

54 4473 92 4540 in
112 4471 193 4540 locis
213 4473 374 4541 natalibus
393 4473 499 4561 quoad
525 4471 711 4540 firmitatem
740 4473 966 4541 characterum
991 4474 1162 4564 hucusque
1193 4485 1346 4542 notorum

52 4560 312 4650 subjiciendum.
335 4561 455 4630 Divisio
475 4563 509 4630 in
538 4561 689 4629 Vernulas
709 4573 739 4628 et
759 4562 937 4629 AEstteates
959 4575 1086 4632 naturae
1101 4563 1279 4634 conformis
1293 4563 1349 4631 sed

51 4671 124 4718 non
144 4650 213 4720 sine
234 4649 477 4740 exceptionibus
498 4663 566 4734 est,
588 4650 634 4718 sic
660 4651 700 4718 cl.
724 4649 834 4738 Bunge
854 4651 1047 4720 observante
1073 4653 1239 4730 nonnullae
1272 4651 1349 4720 Ver-
