<?xml version="1.0" encoding="UTF-8"?>
<!DOCTYPE html PUBLIC "-//W3C//DTD XHTML 1.0 Transitional//EN"
    "http://www.w3.org/TR/xhtml1/DTD/xhtml1-transitional.dtd">
<html xmlns="http://www.w3.org/1999/xhtml" xml:lang="en" lang="en">
 <head>
  <title>
</title>
<meta http-equiv="Content-Type" content="text/html;charset=utf-8" />
  <meta name='ocr-system' content='tesseract 3.04.00' />
  <meta name='ocr-capabilities' content='ocr_page ocr_carea ocr_par ocr_line ocrx_word'/>
</head>
<body>
  <div class='ocr_page' id='page_1' title='image "./floraorientalis02boisgoog_0947.png"; bbox 0 0 3204 5196; ppageno 0'>
   <div class='ocr_carea' id='block_1_1' title="bbox 676 426 736 494">
    <p class='ocr_par' dir='ltr' id='par_1_1' title="bbox 676 426 736 494">
     <span class='ocr_line' id='line_1_1' title="bbox 676 426 736 494; baseline -0.017 0"><span class='ocrx_word' id='word_1_1' title='bbox 676 426 736 494; x_wconf 75' lang='lat'><strong>901</strong></span> 
     </span>
    </p>
   </div>
   <div class='ocr_carea' id='block_1_2' title="bbox 64 561 1348 1272">
    <p class='ocr_par' dir='ltr' id='par_1_2' title="bbox 64 561 1348 1272">
     <span class='ocr_line' id='line_1_2' title="bbox 66 561 1345 652; baseline 0.005 -26"><span class='ocrx_word' id='word_1_2' title='bbox 66 561 193 627; x_wconf 90' lang='lat' dir='ltr'><strong>bricata</strong></span> <span class='ocrx_word' id='word_1_3' title='bbox 221 563 387 630; x_wconf 83' lang='lat' dir='ltr'><strong>rarissime</strong></span> <span class='ocrx_word' id='word_1_4' title='bbox 412 564 552 646; x_wconf 86' lang='lat' dir='ltr'><strong>valvata,</strong></span> <span class='ocrx_word' id='word_1_5' title='bbox 579 563 685 630; x_wconf 90' lang='lat' dir='ltr'><strong>rarius</strong></span> <span class='ocrx_word' id='word_1_6' title='bbox 708 565 809 632; x_wconf 92' lang='lat' dir='ltr'><strong>nulla.</strong></span> <span class='ocrx_word' id='word_1_7' title='bbox 837 563 980 632; x_wconf 76' lang='lat' dir='ltr'><strong>Stamina</strong></span> <span class='ocrx_word' id='word_1_8' title='bbox 1004 565 1117 652; x_wconf 89' lang='lat' dir='ltr'><strong>petalis</strong></span> <span class='ocrx_word' id='word_1_9' title='bbox 1137 565 1276 633; x_wconf 90' lang='lat' dir='ltr'><strong>isomera</strong></span> <span class='ocrx_word' id='word_1_10' title='bbox 1296 569 1345 634; x_wconf 91' lang='lat' dir='ltr'><strong>vel</strong></span> 
     </span>
     <span class='ocr_line' id='line_1_3' title="bbox 65 649 1345 741; baseline 0.004 -25"><span class='ocrx_word' id='word_1_11' title='bbox 65 649 186 736; x_wconf 77' lang='lat' dir='ltr'><strong>saepius</strong></span> <span class='ocrx_word' id='word_1_12' title='bbox 198 650 307 737; x_wconf 92' lang='lat' dir='ltr'><strong>dupla,</strong></span> <span class='ocrx_word' id='word_1_13' title='bbox 322 652 498 740; x_wconf 68' lang='lat' dir='ltr'><strong>saepissime</strong></span> <span class='ocrx_word' id='word_1_14' title='bbox 519 652 605 720; x_wconf 91' lang='lat' dir='ltr'><strong>intus</strong></span> <span class='ocrx_word' id='word_1_15' title='bbox 625 653 802 741; x_wconf 85' lang='lat' dir='ltr'><strong>squamulis</strong></span> <span class='ocrx_word' id='word_1_16' title='bbox 816 665 919 720; x_wconf 89' lang='lat' dir='ltr'><strong>aucta.</strong></span> <span class='ocrx_word' id='word_1_17' title='bbox 942 653 1093 721; x_wconf 86' lang='lat' dir='ltr'><strong>Ovariam</strong></span> <span class='ocrx_word' id='word_1_18' title='bbox 1106 654 1248 721; x_wconf 89' lang='lat' dir='ltr'><strong>lobatum</strong></span> <span class='ocrx_word' id='word_1_19' title='bbox 1262 655 1345 722; x_wconf 90' lang='lat' dir='ltr'><strong>lobis</strong></span> 
     </span>
     <span class='ocr_line' id='line_1_4' title="bbox 64 740 1346 829; baseline 0.005 -25"><span class='ocrx_word' id='word_1_20' title='bbox 64 759 205 805; x_wconf 91' lang='lat' dir='ltr'><strong>numeru</strong></span> <span class='ocrx_word' id='word_1_21' title='bbox 224 741 408 826; x_wconf 88' lang='lat' dir='ltr'><strong>sepalorum</strong></span> <span class='ocrx_word' id='word_1_22' title='bbox 429 740 534 807; x_wconf 88' lang='lat' dir='ltr'><strong>rarius</strong></span> <span class='ocrx_word' id='word_1_23' title='bbox 548 742 710 829; x_wconf 88' lang='lat' dir='ltr'><strong>pluribus,</strong></span> <span class='ocrx_word' id='word_1_24' title='bbox 731 741 827 808; x_wconf 90' lang='lat' dir='ltr'><strong>loculi</strong></span> <span class='ocrx_word' id='word_1_25' title='bbox 840 741 1082 829; x_wconf 66' lang='lat' dir='ltr'><strong>d-pluriovnlati</strong></span> <span class='ocrx_word' id='word_1_26' title='bbox 1096 741 1261 810; x_wconf 81' lang='lat' dir='ltr'><strong>rarissime</strong></span> <span class='ocrx_word' id='word_1_27' title='bbox 1273 743 1346 810; x_wconf 92' lang='lat' dir='ltr'><strong>uni-</strong></span> 
     </span>
     <span class='ocr_line' id='line_1_5' title="bbox 65 827 1347 919; baseline 0.003 -26"><span class='ocrx_word' id='word_1_28' title='bbox 65 827 199 909; x_wconf 89' lang='lat' dir='ltr'><strong>ovulati,</strong></span> <span class='ocrx_word' id='word_1_29' title='bbox 221 847 295 894; x_wconf 91' lang='lat' dir='ltr'><strong>raro</strong></span> <span class='ocrx_word' id='word_1_30' title='bbox 315 828 442 894; x_wconf 89' lang='lat' dir='ltr'><strong>isthmis</strong></span> <span class='ocrx_word' id='word_1_31' title='bbox 461 829 651 897; x_wconf 86' lang='lat' dir='ltr'><strong>transversis</strong></span> <span class='ocrx_word' id='word_1_32' title='bbox 670 830 826 912; x_wconf 87' lang='lat' dir='ltr'><strong>locellati,</strong></span> <span class='ocrx_word' id='word_1_33' title='bbox 852 831 946 898; x_wconf 90' lang='lat' dir='ltr'><strong>ovula</strong></span> <span class='ocrx_word' id='word_1_34' title='bbox 965 841 1120 919; x_wconf 85' lang='lat' dir='ltr'><strong>anatropa</strong></span> <span class='ocrx_word' id='word_1_35' title='bbox 1140 831 1281 919; x_wconf 89' lang='lat' dir='ltr'><strong>pendula</strong></span> <span class='ocrx_word' id='word_1_36' title='bbox 1299 832 1347 899; x_wconf 92' lang='lat' dir='ltr'><strong>vel</strong></span> 
     </span>
     <span class='ocr_line' id='line_1_6' title="bbox 64 915 1348 1008; baseline 0.005 -26"><span class='ocrx_word' id='word_1_37' title='bbox 64 915 285 982; x_wconf 76' lang='lat' dir='ltr'><strong>ascendentia.</strong></span> <span class='ocrx_word' id='word_1_38' title='bbox 318 915 424 1005; x_wconf 82' lang='lat' dir='ltr'><strong>Stylus</strong></span> <span class='ocrx_word' id='word_1_39' title='bbox 454 918 570 984; x_wconf 88' lang='lat' dir='ltr'><strong>unicus</strong></span> <span class='ocrx_word' id='word_1_40' title='bbox 590 939 608 985; x_wconf 92' lang='lat' dir='ltr'><strong>e</strong></span> <span class='ocrx_word' id='word_1_41' title='bbox 628 918 734 985; x_wconf 90' lang='lat' dir='ltr'><strong>medio</strong></span> <span class='ocrx_word' id='word_1_42' title='bbox 755 918 916 1002; x_wconf 87' lang='lat' dir='ltr'><strong>laborum,</strong></span> <span class='ocrx_word' id='word_1_43' title='bbox 939 919 1045 986; x_wconf 89' lang='lat' dir='ltr'><strong>rarius</strong></span> <span class='ocrx_word' id='word_1_44' title='bbox 1065 919 1137 1008; x_wconf 78' lang='lat' dir='ltr'><strong>styli</strong></span> <span class='ocrx_word' id='word_1_45' title='bbox 1158 919 1198 1002; x_wconf 88' lang='lat'><strong>5,</strong></span> <span class='ocrx_word' id='word_1_46' title='bbox 1231 918 1348 1007; x_wconf 83' lang='lat' dir='ltr'><strong>stigma</strong></span> 
     </span>
     <span class='ocr_line' id='line_1_7' title="bbox 66 1003 1348 1094; baseline 0.004 -24"><span class='ocrx_word' id='word_1_47' title='bbox 66 1003 212 1092; x_wconf 78' lang='lat' dir='ltr'><strong>simplex.</strong></span> <span class='ocrx_word' id='word_1_48' title='bbox 236 1003 372 1072; x_wconf 81' lang='lat' dir='ltr'><strong>Fructus</strong></span> <span class='ocrx_word' id='word_1_49' title='bbox 399 1006 446 1070; x_wconf 92' lang='lat' dir='ltr'><strong>vel</strong></span> <span class='ocrx_word' id='word_1_50' title='bbox 471 1006 649 1094; x_wconf 88' lang='lat' dir='ltr'><strong>capsularis</strong></span> <span class='ocrx_word' id='word_1_51' title='bbox 669 1006 822 1094; x_wconf 91' lang='lat' dir='ltr'><strong>septicide</strong></span> <span class='ocrx_word' id='word_1_52' title='bbox 847 1007 1016 1075; x_wconf 84' lang='lat' dir='ltr'><strong>dehiscens</strong></span> <span class='ocrx_word' id='word_1_53' title='bbox 1043 1009 1093 1074; x_wconf 81' lang='lat' dir='ltr'><strong>rel</strong></span> <span class='ocrx_word' id='word_1_54' title='bbox 1112 1008 1218 1076; x_wconf 91' lang='lat' dir='ltr'><strong>coccis</strong></span> <span class='ocrx_word' id='word_1_55' title='bbox 1236 1007 1278 1074; x_wconf 91' lang='lat' dir='ltr'><strong>ab</strong></span> <span class='ocrx_word' id='word_1_56' title='bbox 1298 1007 1348 1075; x_wconf 83' lang='lat' dir='ltr'><strong>axi</strong></span> 
     </span>
     <span class='ocr_line' id='line_1_8' title="bbox 65 1093 1345 1182; baseline 0.004 -23"><span class='ocrx_word' id='word_1_57' title='bbox 65 1093 199 1159; x_wconf 89' lang='lat' dir='ltr'><strong>demum</strong></span> <span class='ocrx_word' id='word_1_58' title='bbox 231 1093 344 1160; x_wconf 91' lang='lat' dir='ltr'><strong>solutis</strong></span> <span class='ocrx_word' id='word_1_59' title='bbox 374 1104 538 1176; x_wconf 82' lang='lat' dir='ltr'><strong>constans,</strong></span> <span class='ocrx_word' id='word_1_60' title='bbox 563 1095 727 1162; x_wconf 90' lang='lat' dir='ltr'><strong>rarissime</strong></span> <span class='ocrx_word' id='word_1_61' title='bbox 751 1096 933 1182; x_wconf 90' lang='lat' dir='ltr'><strong>drupaceus</strong></span> <span class='ocrx_word' id='word_1_62' title='bbox 951 1096 1119 1182; x_wconf 88' lang='lat' dir='ltr'><strong>putamine</strong></span> <span class='ocrx_word' id='word_1_63' title='bbox 1138 1095 1345 1164; x_wconf 88' lang='lat' dir='ltr'><strong>uniloculari.</strong></span> 
     </span>
     <span class='ocr_line' id='line_1_9' title="bbox 66 1179 1345 1272; baseline 0.002 -24"><span class='ocrx_word' id='word_1_64' title='bbox 66 1179 198 1248; x_wconf 87' lang='lat' dir='ltr'><strong>Semina</strong></span> <span class='ocrx_word' id='word_1_65' title='bbox 217 1181 421 1249; x_wconf 85' lang='lat' dir='ltr'><strong>alhumiaosa</strong></span> <span class='ocrx_word' id='word_1_66' title='bbox 434 1183 481 1248; x_wconf 88' lang='lat' dir='ltr'><strong>vel</strong></span> <span class='ocrx_word' id='word_1_67' title='bbox 495 1183 749 1252; x_wconf 86' lang='lat' dir='ltr'><strong>exalhuminosa.</strong></span> <span class='ocrx_word' id='word_1_68' title='bbox 766 1183 907 1272; x_wconf 82' lang='lat' dir='ltr'><strong>Embryo</strong></span> <span class='ocrx_word' id='word_1_69' title='bbox 921 1198 1041 1266; x_wconf 88' lang='lat' dir='ltr'><strong>rectus,</strong></span> <span class='ocrx_word' id='word_1_70' title='bbox 1057 1185 1203 1252; x_wconf 90' lang='lat' dir='ltr'><strong>radicula</strong></span> <span class='ocrx_word' id='word_1_71' title='bbox 1215 1205 1345 1272; x_wconf 90' lang='lat' dir='ltr'><strong>supera.</strong></span> 
     </span>
    </p>
   </div>
   <div class='ocr_carea' id='block_1_3' title="bbox 66 1269 1348 1446">
    <p class='ocr_par' dir='ltr' id='par_1_3' title="bbox 66 1269 1348 1446">
     <span class='ocr_line' id='line_1_10' title="bbox 66 1269 1348 1371; baseline 0.006 -38"><span class='ocrx_word' id='word_1_72' title='bbox 66 1309 110 1368; x_wconf 33' lang='grc' dir='ltr'><strong>-Ι</strong></span> <span class='ocrx_word' id='word_1_73' title='bbox 130 1269 248 1370; x_wconf 80' lang='lat' dir='ltr'><strong>llerbae</strong></span> <span class='ocrx_word' id='word_1_74' title='bbox 269 1271 315 1336; x_wconf 91' lang='lat' dir='ltr'><strong>vel</strong></span> <span class='ocrx_word' id='word_1_75' title='bbox 336 1270 519 1371; x_wconf 75' lang='lat' dir='ltr'><strong>salinatices</strong></span> <span class='ocrx_word' id='word_1_76' title='bbox 539 1271 623 1338; x_wconf 91' lang='lat' dir='ltr'><strong>loliis</strong></span> <span class='ocrx_word' id='word_1_77' title='bbox 642 1271 803 1361; x_wconf 84' lang='lat' dir='ltr'><strong>stipulatis</strong></span> <span class='ocrx_word' id='word_1_78' title='bbox 823 1293 886 1338; x_wconf 93' lang='lat' dir='ltr'><strong>non</strong></span> <span class='ocrx_word' id='word_1_79' title='bbox 907 1272 1272 1362; x_wconf 85' lang='lat' dir='ltr'><strong>glandulosopunctatis</strong></span> <span class='ocrx_word' id='word_1_80' title='bbox 1291 1293 1348 1341; x_wconf 84' lang='lat' dir='ltr'><strong>sae-</strong></span> 
     </span>
     <span class='ocr_line' id='line_1_11' title="bbox 66 1369 419 1446; baseline 0.003 -23"><span class='ocrx_word' id='word_1_81' title='bbox 66 1377 200 1446; x_wconf 77' lang='lat' dir='ltr'><strong>pissime</strong></span> <span class='ocrx_word' id='word_1_82' title='bbox 220 1369 419 1446; x_wconf 79' lang='lat' dir='ltr'><strong>compositis.</strong></span> 
     </span>
    </p>
   </div>
   <div class='ocr_carea' id='block_1_4' title="bbox 455 1635 957 1704">
    <p class='ocr_par' dir='ltr' id='par_1_4' title="bbox 455 1635 957 1704">
     <span class='ocr_line' id='line_1_12' title="bbox 455 1635 957 1704; baseline 0.008 -4"><span class='ocrx_word' id='word_1_83' title='bbox 455 1635 513 1701; x_wconf 68' lang='grc' dir='ltr'><strong>ΤΒ.</strong></span> <span class='ocrx_word' id='word_1_84' title='bbox 547 1635 570 1701; x_wconf 95' lang='lat' dir='ltr'><strong>l.</strong></span> <span class='ocrx_word' id='word_1_85' title='bbox 597 1635 957 1704; x_wconf 85' lang='lat' dir='ltr'><strong>EUZYGOPHYLLEAE.</strong></span> 
     </span>
    </p>
   </div>
   <div class='ocr_carea' id='block_1_5' title="bbox 112 1820 715 1910">
    <p class='ocr_par' dir='ltr' id='par_1_5' title="bbox 112 1820 715 1910">
     <span class='ocr_line' id='line_1_13' title="bbox 112 1820 715 1910; baseline 0.002 -23"><span class='ocrx_word' id='word_1_86' title='bbox 112 1820 201 1887; x_wconf 83' lang='lat' dir='ltr'><strong>Folia</strong></span> <span class='ocrx_word' id='word_1_87' title='bbox 221 1821 368 1909; x_wconf 90' lang='lat' dir='ltr'><strong>opposita</strong></span> <span class='ocrx_word' id='word_1_88' title='bbox 388 1821 506 1910; x_wconf 84' lang='lat' dir='ltr'><strong>saepius</strong></span> <span class='ocrx_word' id='word_1_89' title='bbox 526 1822 715 1909; x_wconf 88' lang='lat' dir='ltr'><strong>composita.</strong></span> 
     </span>
    </p>
   </div>
   <div class='ocr_carea' id='block_1_6' title="bbox 91 2101 1323 2176">
    <p class='ocr_par' dir='ltr' id='par_1_6' title="bbox 91 2101 1323 2176">
     <span class='ocr_line' id='line_1_14' title="bbox 91 2101 1323 2176; baseline 0.003 -18"><span class='ocrx_word' id='word_1_90' title='bbox 91 2101 125 2159; x_wconf 87' lang='grc' dir='ltr'><strong>Α.</strong></span> <span class='ocrx_word' id='word_1_91' title='bbox 165 2101 298 2175; x_wconf 83' lang='lat' dir='ltr'><strong>Embryo</strong></span> <span class='ocrx_word' id='word_1_92' title='bbox 316 2101 569 2160; x_wconf 82' lang='lat' dir='ltr'><strong>exalbuminosus.</strong></span> <span class='ocrx_word' id='word_1_93' title='bbox 589 2101 715 2160; x_wconf 82' lang='lat' dir='ltr'><strong>Fructus</strong></span> <span class='ocrx_word' id='word_1_94' title='bbox 734 2102 761 2159; x_wconf 88' lang='lat' dir='ltr'><strong>io</strong></span> <span class='ocrx_word' id='word_1_95' title='bbox 785 2103 918 2176; x_wconf 81' lang='lat' dir='ltr'><strong>carpelta</strong></span> <span class='ocrx_word' id='word_1_96' title='bbox 935 2102 1152 2164; x_wconf 77' lang='lat' dir='ltr'><strong>indoliscentia</strong></span> <span class='ocrx_word' id='word_1_97' title='bbox 1169 2105 1323 2164; x_wconf 84' lang='lat' dir='ltr'><strong>secedens.</strong></span> 
     </span>
    </p>
   </div>
   <div class='ocr_carea' id='block_1_7' title="bbox 461 2348 952 2444">
    <p class='ocr_par' dir='ltr' id='par_1_7' title="bbox 461 2348 952 2444">
     <span class='ocr_line' id='line_1_15' title="bbox 461 2348 952 2444; baseline -0.002 -21"><span class='ocrx_word' id='word_1_98' title='bbox 461 2348 651 2424; x_wconf 78' lang='lat' dir='ltr'><strong>rnsuucus</strong></span> <span class='ocrx_word' id='word_1_99' title='bbox 676 2349 726 2444; x_wconf 77' lang='lat' dir='ltr'><strong>(c.</strong></span> <span class='ocrx_word' id='word_1_100' title='bbox 752 2349 827 2424; x_wconf 77' lang='lat' dir='ltr'><strong>cen.</strong></span> <span class='ocrx_word' id='word_1_101' title='bbox 857 2349 952 2444; x_wconf 74' lang='lat' dir='ltr'><strong>aaa).</strong></span> 
     </span>
    </p>
   </div>
   <div class='ocr_carea' id='block_1_8' title="bbox 69 2580 1348 3270">
    <p class='ocr_par' dir='ltr' id='par_1_8' title="bbox 69 2580 1348 3270">
     <span class='ocr_line' id='line_1_16' title="bbox 111 2580 1348 2671; baseline 0 -23"><span class='ocrx_word' id='word_1_102' title='bbox 111 2581 225 2671; x_wconf 87' lang='lat' dir='ltr'><strong>Sepala</strong></span> <span class='ocrx_word' id='word_1_103' title='bbox 245 2582 275 2648; x_wconf 79' lang='grc' dir='ltr'><strong>ῦ.</strong></span> <span class='ocrx_word' id='word_1_104' title='bbox 307 2583 413 2649; x_wconf 87' lang='lat' dir='ltr'><strong>Petale</strong></span> <span class='ocrx_word' id='word_1_105' title='bbox 432 2581 452 2646; x_wconf 90' lang='lat'>5</span> <span class='ocrx_word' id='word_1_106' title='bbox 472 2581 599 2667; x_wconf 83' lang='lat' dir='ltr'><strong>fugacia</strong></span> <span class='ocrx_word' id='word_1_107' title='bbox 618 2582 772 2669; x_wconf 74' lang='lat' dir='ltr'><strong>patentia,</strong></span> <span class='ocrx_word' id='word_1_108' title='bbox 802 2581 913 2648; x_wconf 86' lang='lat' dir='ltr'><strong>lliscus</strong></span> <span class='ocrx_word' id='word_1_109' title='bbox 934 2581 1111 2646; x_wconf 80' lang='lat' dir='ltr'><strong>annularis</strong></span> <span class='ocrx_word' id='word_1_110' title='bbox 1141 2580 1285 2647; x_wconf 89' lang='lat' dir='ltr'><strong>Stamina</strong></span> <span class='ocrx_word' id='word_1_111' title='bbox 1308 2581 1348 2648; x_wconf 85' lang='lat' dir='ltr'><strong>lu</strong></span> 
     </span>
     <span class='ocr_line' id='line_1_17' title="bbox 71 2668 1348 2758; baseline 0 -22"><span class='ocrx_word' id='word_1_112' title='bbox 71 2670 176 2738; x_wconf 90' lang='lat' dir='ltr'><strong>rarius</strong></span> <span class='ocrx_word' id='word_1_113' title='bbox 196 2669 217 2736; x_wconf 87' lang='lat'>5</span> <span class='ocrx_word' id='word_1_114' title='bbox 236 2671 304 2738; x_wconf 89' lang='lat' dir='ltr'><strong>basi</strong></span> <span class='ocrx_word' id='word_1_115' title='bbox 325 2670 404 2738; x_wconf 90' lang='lat' dir='ltr'><strong>disci</strong></span> <span class='ocrx_word' id='word_1_116' title='bbox 424 2669 558 2744; x_wconf 85' lang='lat' dir='ltr'><strong>inserta,</strong></span> <span class='ocrx_word' id='word_1_117' title='bbox 580 2691 616 2736; x_wconf 92' lang='lat' dir='ltr'><strong>ea</strong></span> <span class='ocrx_word' id='word_1_118' title='bbox 636 2669 750 2758; x_wconf 90' lang='lat' dir='ltr'><strong>petalis</strong></span> <span class='ocrx_word' id='word_1_119' title='bbox 770 2672 893 2736; x_wconf 89' lang='lat' dir='ltr'><strong>alterna</strong></span> <span class='ocrx_word' id='word_1_120' title='bbox 912 2669 1060 2736; x_wconf 86' lang='lat' dir='ltr'><strong>breviora</strong></span> <span class='ocrx_word' id='word_1_121' title='bbox 1075 2668 1348 2754; x_wconf 89' lang='lat' dir='ltr'><strong>basiintusglan·</strong></span> 
     </span>
     <span class='ocr_line' id='line_1_18' title="bbox 70 2757 1348 2846; baseline -0.002 -20"><span class='ocrx_word' id='word_1_122' title='bbox 70 2759 142 2826; x_wconf 81' lang='lat' dir='ltr'><strong>dula</strong></span> <span class='ocrx_word' id='word_1_123' title='bbox 164 2759 333 2826; x_wconf 90' lang='lat' dir='ltr'><strong>instructa.</strong></span> <span class='ocrx_word' id='word_1_124' title='bbox 356 2758 506 2826; x_wconf 89' lang='lat' dir='ltr'><strong>Ovarium</strong></span> <span class='ocrx_word' id='word_1_125' title='bbox 528 2758 654 2840; x_wconf 77' lang='lat' dir='ltr'><strong>sessile,</strong></span> <span class='ocrx_word' id='word_1_126' title='bbox 685 2759 731 2844; x_wconf 81' lang='lat' dir='ltr'><strong>(in</strong></span> <span class='ocrx_word' id='word_1_127' title='bbox 753 2757 885 2840; x_wconf 85' lang='lat' dir='ltr'><strong>nostris)</strong></span> <span class='ocrx_word' id='word_1_128' title='bbox 912 2757 1202 2846; x_wconf 88' lang='lat' dir='ltr'><strong>quinqucloculare</strong></span> <span class='ocrx_word' id='word_1_129' title='bbox 1233 2757 1348 2825; x_wconf 91' lang='lat' dir='ltr'><strong>loculis</strong></span> 
     </span>
     <span class='ocr_line' id='line_1_19' title="bbox 70 2845 1348 2999; baseline 0.001 -88"><span class='ocrx_word' id='word_1_130' title='bbox 70 2858 251 2915; x_wconf 84' lang='lat' dir='ltr'><strong>transverso</strong></span> <span class='ocrx_word' id='word_1_131' title='bbox 282 2847 447 2915; x_wconf 86' lang='lat' dir='ltr'><strong>locellatis.</strong></span> <span class='ocrx_word' id='word_1_132' title='bbox 488 2845 591 2999; x_wconf 72' lang='lat' dir='ltr'><strong>Stplus</strong></span> <span class='ocrx_word' id='word_1_133' title='bbox 621 2848 654 2930; x_wconf 94' lang='lat' dir='ltr'><strong>l,</strong></span> <span class='ocrx_word' id='word_1_134' title='bbox 686 2847 801 2935; x_wconf 80' lang='lat' dir='ltr'><strong>stigma</strong></span> <span class='ocrx_word' id='word_1_135' title='bbox 832 2845 1151 2934; x_wconf 90' lang='lat' dir='ltr'><strong>quinqueradiatum.</strong></span> <span class='ocrx_word' id='word_1_136' title='bbox 1184 2845 1283 2914; x_wconf 84' lang='lat' dir='ltr'><strong>Ovula</strong></span> <span class='ocrx_word' id='word_1_137' title='bbox 1314 2845 1348 2912; x_wconf 90' lang='lat' dir='ltr'><strong>in</strong></span> 
     </span>
     <span class='ocr_line' id='line_1_20' title="bbox 69 2933 1345 3024; baseline -0.001 -23"><span class='ocrx_word' id='word_1_138' title='bbox 69 2936 181 3004; x_wconf 85' lang='lat' dir='ltr'><strong>loculis</strong></span> <span class='ocrx_word' id='word_1_139' title='bbox 201 2936 256 3002; x_wconf 84' lang='lat' dir='ltr'><strong>l-5</strong></span> <span class='ocrx_word' id='word_1_140' title='bbox 275 2935 490 3024; x_wconf 88' lang='lat' dir='ltr'><strong>superposita.</strong></span> <span class='ocrx_word' id='word_1_141' title='bbox 550 2939 659 3003; x_wconf 85' lang='lat' dir='ltr'><strong>ructus</strong></span> <span class='ocrx_word' id='word_1_142' title='bbox 679 2935 766 3002; x_wconf 93' lang='lat' dir='ltr'><strong>cocci</strong></span> <span class='ocrx_word' id='word_1_143' title='bbox 787 2934 870 3002; x_wconf 89' lang='lat' dir='ltr'><strong>ossei</strong></span> <span class='ocrx_word' id='word_1_144' title='bbox 900 2935 997 3001; x_wconf 89' lang='lat' dir='ltr'><strong>dorso</strong></span> <span class='ocrx_word' id='word_1_145' title='bbox 1027 2933 1149 3023; x_wconf 91' lang='lat' dir='ltr'><strong>spinosi</strong></span> <span class='ocrx_word' id='word_1_146' title='bbox 1180 2935 1228 3000; x_wconf 90' lang='lat' dir='ltr'><strong>vel</strong></span> <span class='ocrx_word' id='word_1_147' title='bbox 1259 2933 1345 3002; x_wconf 88' lang='lat' dir='ltr'><strong>alati.</strong></span> 
     </span>
     <span class='ocr_line' id='line_1_21' title="bbox 70 3021 1348 3113; baseline -0.001 -23"><span class='ocrx_word' id='word_1_148' title='bbox 70 3063 111 3072; x_wconf 95' lang='lat'><em>-</em></span> <span class='ocrx_word' id='word_1_149' title='bbox 136 3025 251 3091; x_wconf 81' lang='lat' dir='ltr'><strong>llerbae</strong></span> <span class='ocrx_word' id='word_1_150' title='bbox 280 3046 396 3092; x_wconf 81' lang='lat' dir='ltr'><strong>annaae</strong></span> <span class='ocrx_word' id='word_1_151' title='bbox 428 3035 594 3113; x_wconf 76' lang='lat' dir='ltr'><strong>prostratae</strong></span> <span class='ocrx_word' id='word_1_152' title='bbox 626 3027 692 3090; x_wconf 86' lang='lat' dir='ltr'><strong>laxe</strong></span> <span class='ocrx_word' id='word_1_153' title='bbox 725 3045 881 3105; x_wconf 75' lang='lat' dir='ltr'><strong>ramosae,</strong></span> <span class='ocrx_word' id='word_1_154' title='bbox 911 3023 1048 3090; x_wconf 91' lang='lat' dir='ltr'><strong>lloribus</strong></span> <span class='ocrx_word' id='word_1_155' title='bbox 1078 3023 1111 3088; x_wconf 92' lang='lat' dir='ltr'><strong>in</strong></span> <span class='ocrx_word' id='word_1_156' title='bbox 1141 3021 1348 3090; x_wconf 88' lang='lat' dir='ltr'><strong>dichotomiis</strong></span> 
     </span>
     <span class='ocr_line' id='line_1_22' title="bbox 71 3111 1347 3267; baseline -0.001 -88"><span class='ocrx_word' id='word_1_157' title='bbox 71 3112 137 3267; x_wconf 66' lang='lat' dir='ltr'><strong>slltis</strong></span> <span class='ocrx_word' id='word_1_158' title='bbox 158 3115 205 3180; x_wconf 87' lang='lat' dir='ltr'><strong>vel</strong></span> <span class='ocrx_word' id='word_1_159' title='bbox 227 3114 428 3195; x_wconf 76' lang='lat' dir='ltr'><strong>axillarihm,</strong></span> <span class='ocrx_word' id='word_1_160' title='bbox 454 3112 538 3181; x_wconf 91' lang='lat' dir='ltr'><strong>loliis</strong></span> <span class='ocrx_word' id='word_1_161' title='bbox 564 3113 700 3202; x_wconf 87' lang='lat' dir='ltr'><strong>abrupte</strong></span> <span class='ocrx_word' id='word_1_162' title='bbox 726 3112 867 3203; x_wconf 89' lang='lat' dir='ltr'><strong>pinnatis</strong></span> <span class='ocrx_word' id='word_1_163' title='bbox 890 3111 1024 3180; x_wconf 87' lang='lat' dir='ltr'><strong>alterius</strong></span> <span class='ocrx_word' id='word_1_164' title='bbox 1043 3111 1159 3178; x_wconf 87' lang='lat' dir='ltr'><strong>abortu</strong></span> <span class='ocrx_word' id='word_1_165' title='bbox 1182 3111 1347 3179; x_wconf 84' lang='lat' dir='ltr'><strong>interdum</strong></span> 
     </span>
     <span class='ocr_line' id='line_1_23' title="bbox 71 3202 214 3270; baseline 0.014 -2"><span class='ocrx_word' id='word_1_166' title='bbox 71 3202 214 3270; x_wconf 83' lang='lat' dir='ltr'><strong>eternis.</strong></span> 
     </span>
    </p>
   </div>
   <div class='ocr_carea' id='block_1_9' title="bbox 73 3441 1350 4128">
    <p class='ocr_par' dir='ltr' id='par_1_9' title="bbox 73 3441 1350 4128">
     <span class='ocr_line' id='line_1_24' title="bbox 113 3441 1349 3532; baseline -0.001 -21"><span class='ocrx_word' id='word_1_167' title='bbox 113 3445 182 3512; x_wconf 84' lang='lat' dir='ltr'><strong>Tr.</strong></span> <span class='ocrx_word' id='word_1_168' title='bbox 202 3445 547 3530; x_wconf 69' lang='lat' dir='ltr'><strong>bimucronatus</strong></span> <span class='ocrx_word' id='word_1_169' title='bbox 567 3443 649 3530; x_wconf 80' lang='lat' dir='ltr'><strong>(viv.</strong></span> <span class='ocrx_word' id='word_1_170' title='bbox 672 3442 746 3510; x_wconf 88' lang='lat' dir='ltr'><strong>Dec.</strong></span> <span class='ocrx_word' id='word_1_171' title='bbox 769 3445 813 3532; x_wconf 93' lang='lat' dir='ltr'><strong>pl.</strong></span> <span class='ocrx_word' id='word_1_172' title='bbox 834 3443 906 3528; x_wconf 90' lang='lat' dir='ltr'><strong>AEg.</strong></span> <span class='ocrx_word' id='word_1_173' title='bbox 929 3465 1002 3532; x_wconf 87' lang='lat' dir='ltr'><strong>pag.</strong></span> <span class='ocrx_word' id='word_1_174' title='bbox 1025 3442 1066 3525; x_wconf 86' lang='grc'><strong>9,</strong></span> <span class='ocrx_word' id='word_1_175' title='bbox 1095 3443 1158 3510; x_wconf 87' lang='lat' dir='ltr'><strong>tab.</strong></span> <span class='ocrx_word' id='word_1_176' title='bbox 1182 3441 1220 3524; x_wconf 65' lang='lat' dir='ltr'><strong>l,</strong></span> <span class='ocrx_word' id='word_1_177' title='bbox 1250 3442 1349 3528; x_wconf 71' lang='lat' dir='ltr'><strong>ugr</strong></span> 
     </span>
     <span class='ocr_line' id='line_1_25' title="bbox 73 3530 1348 3631; baseline 0.002 -36"><span class='ocrx_word' id='word_1_178' title='bbox 73 3532 224 3619; x_wconf 86' lang='lat' dir='ltr'><strong>pessima&gt;</strong></span> <span class='ocrx_word' id='word_1_179' title='bbox 252 3532 450 3619; x_wconf 86' lang='lat' dir='ltr'><strong>pentandrus</strong></span> <span class='ocrx_word' id='word_1_180' title='bbox 478 3531 584 3599; x_wconf 90' lang='lat' dir='ltr'><strong>rarius</strong></span> <span class='ocrx_word' id='word_1_181' title='bbox 609 3531 812 3613; x_wconf 84' lang='lat' dir='ltr'><strong>decandrus,</strong></span> <span class='ocrx_word' id='word_1_182' title='bbox 839 3531 992 3631; x_wconf 88' lang='lat' dir='ltr'><strong>adpresse</strong></span> <span class='ocrx_word' id='word_1_183' title='bbox 1011 3551 1207 3612; x_wconf 84' lang='lat' dir='ltr'><strong>canescens,</strong></span> <span class='ocrx_word' id='word_1_184' title='bbox 1232 3530 1348 3619; x_wconf 88' lang='lat' dir='ltr'><strong>petalis</strong></span> 
     </span>
     <span class='ocr_line' id='line_1_26' title="bbox 74 3619 1349 3709; baseline 0 -23"><span class='ocrx_word' id='word_1_185' title='bbox 74 3619 215 3687; x_wconf 87' lang='lat' dir='ltr'><strong>ubovatis</strong></span> <span class='ocrx_word' id='word_1_186' title='bbox 234 3621 341 3709; x_wconf 80' lang='lat' dir='ltr'><strong>calyce</strong></span> <span class='ocrx_word' id='word_1_187' title='bbox 362 3619 638 3705; x_wconf 81' lang='lat' dir='ltr'><strong>sublongioribus,</strong></span> <span class='ocrx_word' id='word_1_188' title='bbox 660 3621 806 3708; x_wconf 85' lang='lat' dir='ltr'><strong>stigmate</strong></span> <span class='ocrx_word' id='word_1_189' title='bbox 827 3629 964 3707; x_wconf 83' lang='lat' dir='ltr'><strong>capitato</strong></span> <span class='ocrx_word' id='word_1_190' title='bbox 984 3619 1032 3685; x_wconf 90' lang='lat' dir='ltr'><strong>vel</strong></span> <span class='ocrx_word' id='word_1_191' title='bbox 1052 3631 1144 3686; x_wconf 90' lang='lat' dir='ltr'><strong>ovato</strong></span> <span class='ocrx_word' id='word_1_192' title='bbox 1157 3619 1237 3708; x_wconf 79' lang='lat' dir='ltr'><strong>stylo</strong></span> <span class='ocrx_word' id='word_1_193' title='bbox 1250 3619 1349 3707; x_wconf 82' lang='lat' dir='ltr'><strong>aequi·</strong></span> 
     </span>
     <span class='ocr_line' id='line_1_27' title="bbox 73 3707 1349 3796; baseline 0.002 -24"><span class='ocrx_word' id='word_1_194' title='bbox 73 3708 167 3795; x_wconf 86' lang='lat' dir='ltr'><strong>longo</strong></span> <span class='ocrx_word' id='word_1_195' title='bbox 187 3709 235 3774; x_wconf 88' lang='lat' dir='ltr'><strong>vel</strong></span> <span class='ocrx_word' id='word_1_196' title='bbox 256 3707 416 3795; x_wconf 87' lang='lat' dir='ltr'><strong>longiore,</strong></span> <span class='ocrx_word' id='word_1_197' title='bbox 436 3707 584 3795; x_wconf 86' lang='lat' dir='ltr'><strong>carpellis</strong></span> <span class='ocrx_word' id='word_1_198' title='bbox 604 3708 755 3796; x_wconf 84' lang='lat' dir='ltr'><strong>adpresse</strong></span> <span class='ocrx_word' id='word_1_199' title='bbox 774 3707 868 3775; x_wconf 88' lang='lat' dir='ltr'><strong>hirtis</strong></span> <span class='ocrx_word' id='word_1_200' title='bbox 887 3710 934 3775; x_wconf 89' lang='lat' dir='ltr'><strong>vel</strong></span> <span class='ocrx_word' id='word_1_201' title='bbox 955 3707 1044 3774; x_wconf 89' lang='lat' dir='ltr'><strong>canis</strong></span> <span class='ocrx_word' id='word_1_202' title='bbox 1057 3707 1154 3775; x_wconf 92' lang='lat' dir='ltr'><strong>dorso</strong></span> <span class='ocrx_word' id='word_1_203' title='bbox 1167 3707 1349 3775; x_wconf 90' lang='lat' dir='ltr'><strong>rotundatis</strong></span> 
     </span>
     <span class='ocr_line' id='line_1_28' title="bbox 77 3795 1349 3884; baseline 0.001 -23"><span class='ocrx_word' id='word_1_204' title='bbox 77 3816 192 3883; x_wconf 88' lang='lat' dir='ltr'><strong>rugoso</strong></span> <span class='ocrx_word' id='word_1_205' title='bbox 204 3835 219 3846; x_wconf 92' lang='lat'>·</span> <span class='ocrx_word' id='word_1_206' title='bbox 232 3795 455 3864; x_wconf 84' lang='lat' dir='ltr'><strong>scrobiculatis</strong></span> <span class='ocrx_word' id='word_1_207' title='bbox 474 3795 729 3884; x_wconf 90' lang='lat' dir='ltr'><strong>quadrispinosis</strong></span> <span class='ocrx_word' id='word_1_208' title='bbox 753 3796 854 3884; x_wconf 90' lang='lat' dir='ltr'><strong>spinis</strong></span> <span class='ocrx_word' id='word_1_209' title='bbox 874 3795 1083 3863; x_wconf 83' lang='lat' dir='ltr'><strong>interioribus</strong></span> <span class='ocrx_word' id='word_1_210' title='bbox 1103 3795 1142 3862; x_wconf 92' lang='lat' dir='ltr'><strong>ad</strong></span> <span class='ocrx_word' id='word_1_211' title='bbox 1165 3795 1349 3864; x_wconf 86' lang='lat' dir='ltr'><strong>tuberculos</strong></span> 
     </span>
     <span class='ocr_line' id='line_1_29' title="bbox 76 3883 1350 4128; baseline -0.002 -89"><span class='ocrx_word' id='word_1_212' title='bbox 76 3905 162 4041; x_wconf 74' lang='lat' dir='ltr'><strong>lttt</strong></span> <span class='ocrx_word' id='word_1_213' title='bbox 181 3885 320 4060; x_wconf 58' lang='lat' dir='ltr'><strong>&#39;llll</strong></span> <span class='ocrx_word' id='word_1_214' title='bbox 337 3894 397 4041; x_wconf 58' lang='lat' dir='ltr'><strong>ill</strong></span> <span class='ocrx_word' id='word_1_215' title='bbox 415 3885 468 4041; x_wconf 74' lang='lat' dir='ltr'><strong>l</strong></span> <span class='ocrx_word' id='word_1_216' title='bbox 488 3884 813 4128; x_wconf 50' lang='lat' dir='ltr'><strong>llllmpdrlldll</strong></span> <span class='ocrx_word' id='word_1_217' title='bbox 840 3883 1103 4060; x_wconf 66' lang='lat' dir='ltr'><strong>tttttdl</strong></span> <span class='ocrx_word' id='word_1_218' title='bbox 1126 3884 1350 4040; x_wconf 65' lang='lat' dir='ltr'><strong>lttltttttt</strong></span> 
     </span>
    </p>
   </div>
   <div class='ocr_carea' id='block_1_10' title="bbox 78 4059 825 4150">
    <p class='ocr_par' dir='ltr' id='par_1_10' title="bbox 78 4059 825 4150">
     <span class='ocr_line' id='line_1_30' title="bbox 78 4059 825 4150; baseline 0.001 -23"><span class='ocrx_word' id='word_1_219' title='bbox 78 4059 183 4130; x_wconf 89' lang='lat' dir='ltr'><strong>llralik</strong></span> <span class='ocrx_word' id='word_1_220' title='bbox 201 4064 285 4130; x_wconf 84' lang='lat' dir='ltr'><strong>Ann.</strong></span> <span class='ocrx_word' id='word_1_221' title='bbox 307 4063 358 4129; x_wconf 88' lang='lat' dir='ltr'><strong>Sc.</strong></span> <span class='ocrx_word' id='word_1_222' title='bbox 381 4063 452 4130; x_wconf 90' lang='lat' dir='ltr'><strong>Nat.</strong></span> <span class='ocrx_word' id='word_1_223' title='bbox 474 4061 543 4130; x_wconf 81' lang='lat' dir='ltr'><strong>scr.</strong></span> <span class='ocrx_word' id='word_1_224' title='bbox 567 4062 621 4144; x_wconf 94' lang='lat' dir='ltr'><strong>ll,</strong></span> <span class='ocrx_word' id='word_1_225' title='bbox 642 4061 748 4150; x_wconf 70' lang='lat' dir='ltr'><strong>xtp.</strong></span> <span class='ocrx_word' id='word_1_226' title='bbox 772 4059 825 4129; x_wconf 68' lang='lat'><strong>28.</strong></span> 
     </span>
    </p>
   </div>
   <div class='ocr_carea' id='block_1_11' title="bbox 84 4167 1357 4705">
    <p class='ocr_par' dir='ltr' id='par_1_11' title="bbox 84 4167 1355 4428">
     <span class='ocr_line' id='line_1_31' title="bbox 120 4167 1352 4231; baseline -0.002 -2"><span class='ocrx_word' id='word_1_227' title='bbox 120 4171 194 4231; x_wconf 83' lang='lat' dir='ltr'><strong>Hah.</strong></span> <span class='ocrx_word' id='word_1_228' title='bbox 222 4173 250 4229; x_wconf 92' lang='lat' dir='ltr'><strong>ln</strong></span> <span class='ocrx_word' id='word_1_229' title='bbox 270 4172 390 4230; x_wconf 87' lang='lat' dir='ltr'><strong>deserto</strong></span> <span class='ocrx_word' id='word_1_230' title='bbox 408 4170 536 4230; x_wconf 77' lang='lat' dir='ltr'><strong>Arabico</strong></span> <span class='ocrx_word' id='word_1_231' title='bbox 554 4170 631 4227; x_wconf 86' lang='lat' dir='ltr'><strong>inter</strong></span> <span class='ocrx_word' id='word_1_232' title='bbox 646 4168 791 4228; x_wconf 85' lang='lat' dir='ltr'><strong>Kahiram</strong></span> <span class='ocrx_word' id='word_1_233' title='bbox 811 4175 840 4227; x_wconf 88' lang='lat' dir='ltr'><strong>et</strong></span> <span class='ocrx_word' id='word_1_234' title='bbox 856 4167 932 4227; x_wconf 82' lang='lat' dir='ltr'><strong>Saea</strong></span> <span class='ocrx_word' id='word_1_235' title='bbox 955 4173 985 4227; x_wconf 87' lang='lat' dir='ltr'><strong>et</strong></span> <span class='ocrx_word' id='word_1_236' title='bbox 1009 4168 1038 4226; x_wconf 94' lang='lat' dir='ltr'><strong>in</strong></span> <span class='ocrx_word' id='word_1_237' title='bbox 1056 4168 1184 4226; x_wconf 85' lang='lat' dir='ltr'><strong>vallibus</strong></span> <span class='ocrx_word' id='word_1_238' title='bbox 1202 4167 1352 4227; x_wconf 79' lang='lat' dir='ltr'><strong>sinaitiois</strong></span> 
     </span>
     <span class='ocr_line' id='line_1_32' title="bbox 84 4247 1355 4340; baseline -0.002 -22"><span class='ocrx_word' id='word_1_239' title='bbox 84 4259 228 4340; x_wconf 82' lang='lat' dir='ltr'><strong>(Boisst),</strong></span> <span class='ocrx_word' id='word_1_240' title='bbox 249 4261 277 4318; x_wconf 91' lang='lat' dir='ltr'><strong>in</strong></span> <span class='ocrx_word' id='word_1_241' title='bbox 307 4261 442 4336; x_wconf 82' lang='lat' dir='ltr'><strong>AEgypto</strong></span> <span class='ocrx_word' id='word_1_242' title='bbox 471 4259 618 4334; x_wconf 83' lang='lat' dir='ltr'><strong>superiori</strong></span> <span class='ocrx_word' id='word_1_243' title='bbox 647 4277 741 4336; x_wconf 87' lang='lat' dir='ltr'><strong>propa</strong></span> <span class='ocrx_word' id='word_1_244' title='bbox 768 4257 896 4334; x_wconf 83' lang='lat' dir='ltr'><strong>Syenem</strong></span> <span class='ocrx_word' id='word_1_245' title='bbox 924 4247 1105 4333; x_wconf 78' lang='lat' dir='ltr'><strong>(Figerll),</strong></span> <span class='ocrx_word' id='word_1_246' title='bbox 1134 4257 1164 4315; x_wconf 90' lang='lat' dir='ltr'><strong>in</strong></span> <span class='ocrx_word' id='word_1_247' title='bbox 1194 4256 1355 4331; x_wconf 70' lang='lat' dir='ltr'><strong>All&#39;glrauia</strong></span> 
     </span>
     <span class='ocr_line' id='line_1_33' title="bbox 84 4344 370 4428; baseline 0.003 -21"><span class='ocrx_word' id='word_1_248' title='bbox 84 4344 177 4428; x_wconf 75' lang='lat' dir='ltr'><strong>(artat</strong></span> <span class='ocrx_word' id='word_1_249' title='bbox 188 4356 209 4424; x_wconf 90' lang='lat'><strong>).</strong></span> <span class='ocrx_word' id='word_1_250' title='bbox 224 4349 268 4409; x_wconf 81' lang='lat' dir='ltr'><strong>rt.</strong></span> <span class='ocrx_word' id='word_1_251' title='bbox 288 4368 370 4408; x_wconf 84' lang='lat' dir='ltr'><strong>vere.</strong></span> 
     </span>
    </p>

    <p class='ocr_par' dir='ltr' id='par_1_12' title="bbox 85 4435 1357 4705">
     <span class='ocr_line' id='line_1_34' title="bbox 125 4435 1356 4522; baseline -0.003 -12"><span class='ocrx_word' id='word_1_252' title='bbox 125 4451 228 4513; x_wconf 77' lang='lat' dir='ltr'><strong>Facies</strong></span> <span class='ocrx_word' id='word_1_253' title='bbox 248 4452 292 4513; x_wconf 79' lang='lat' dir='ltr'><strong>Tr.</strong></span> <span class='ocrx_word' id='word_1_254' title='bbox 319 4451 465 4511; x_wconf 78' lang='lat' dir='ltr'><strong>terrestria</strong></span> <span class='ocrx_word' id='word_1_255' title='bbox 488 4451 540 4509; x_wconf 87' lang='lat' dir='ltr'><strong>sed</strong></span> <span class='ocrx_word' id='word_1_256' title='bbox 559 4449 717 4508; x_wconf 86' lang='lat' dir='ltr'><strong>distinctas</strong></span> <span class='ocrx_word' id='word_1_257' title='bbox 743 4435 850 4522; x_wconf 86' lang='lat' dir='ltr'><strong>petalis</strong></span> <span class='ocrx_word' id='word_1_258' title='bbox 875 4447 1047 4522; x_wconf 81' lang='lat' dir='ltr'><strong>latioribus,</strong></span> <span class='ocrx_word' id='word_1_259' title='bbox 1067 4447 1206 4522; x_wconf 85' lang='lat' dir='ltr'><strong>stigmate</strong></span> <span class='ocrx_word' id='word_1_260' title='bbox 1224 4447 1356 4521; x_wconf 85' lang='lat' dir='ltr'><strong>capitato</strong></span> 
     </span>
     <span class='ocr_line' id='line_1_35' title="bbox 85 4536 1355 4618; baseline -0.003 -20"><span class='ocrx_word' id='word_1_261' title='bbox 85 4544 158 4616; x_wconf 82' lang='lat' dir='ltr'><strong>stylo</strong></span> <span class='ocrx_word' id='word_1_262' title='bbox 174 4542 368 4603; x_wconf 84' lang='lat' dir='ltr'><strong>subbreviore</strong></span> <span class='ocrx_word' id='word_1_263' title='bbox 396 4558 450 4600; x_wconf 89' lang='lat' dir='ltr'><strong>neo</strong></span> <span class='ocrx_word' id='word_1_264' title='bbox 474 4539 660 4616; x_wconf 81' lang='lat' dir='ltr'><strong>pyramidem</strong></span> <span class='ocrx_word' id='word_1_265' title='bbox 671 4583 680 4618; x_wconf 84' lang='lat'><strong>,</strong></span> <span class='ocrx_word' id='word_1_266' title='bbox 701 4538 779 4613; x_wconf 88' lang='lat' dir='ltr'><strong>stylo</strong></span> <span class='ocrx_word' id='word_1_267' title='bbox 801 4537 971 4606; x_wconf 80' lang='lat' dir='ltr'><strong>manifesto,</strong></span> <span class='ocrx_word' id='word_1_268' title='bbox 991 4536 1130 4611; x_wconf 84' lang='lat' dir='ltr'><strong>carpellis</strong></span> <span class='ocrx_word' id='word_1_269' title='bbox 1149 4537 1238 4595; x_wconf 87' lang='lat' dir='ltr'><strong>dorso</strong></span> <span class='ocrx_word' id='word_1_270' title='bbox 1257 4543 1355 4595; x_wconf 88' lang='lat' dir='ltr'><strong>rotun·</strong></span> 
     </span>
     <span class='ocr_line' id='line_1_36' title="bbox 86 4624 1357 4705; baseline -0.002 -15"><span class='ocrx_word' id='word_1_271' title='bbox 86 4630 157 4690; x_wconf 89' lang='lat' dir='ltr'><strong>datis</strong></span> <span class='ocrx_word' id='word_1_272' title='bbox 174 4651 229 4695; x_wconf 86' lang='lat' dir='ltr'><strong>nac</strong></span> <span class='ocrx_word' id='word_1_273' title='bbox 247 4631 534 4694; x_wconf 77' lang='lat' dir='ltr'><strong>carinula-cristatis.</strong></span> <span class='ocrx_word' id='word_1_274' title='bbox 561 4627 707 4690; x_wconf 82' lang='lat' dir='ltr'><strong>Numerus</strong></span> <span class='ocrx_word' id='word_1_275' title='bbox 726 4628 883 4688; x_wconf 84' lang='lat' dir='ltr'><strong>staminum</strong></span> <span class='ocrx_word' id='word_1_276' title='bbox 901 4626 1054 4688; x_wconf 82' lang='lat' dir='ltr'><strong>variabilis</strong></span> <span class='ocrx_word' id='word_1_277' title='bbox 1073 4631 1129 4688; x_wconf 87' lang='lat' dir='ltr'><strong>cst.</strong></span> <span class='ocrx_word' id='word_1_278' title='bbox 1148 4624 1289 4705; x_wconf 87' lang='lat' dir='ltr'><strong>Suspicor</strong></span> <span class='ocrx_word' id='word_1_279' title='bbox 1310 4627 1357 4690; x_wconf 76' lang='lat' dir='ltr'><strong>n.</strong></span> 
     </span>
    </p>
   </div>
   <div class='ocr_carea' id='block_1_12' title="bbox 0 0 1619 5196">
    <p class='ocr_par' dir='ltr' id='par_1_13' title="bbox 0 0 1619 5196">
     <span class='ocr_line' id='line_1_37' title="bbox 0 0 1619 5196; baseline 0 0"><span class='ocrx_word' id='word_1_280' title='bbox 0 0 1619 5196; x_wconf 95' lang='lat' dir='ltr'><strong> </strong></span> 
     </span>
    </p>
   </div>
  </div>
 </body>
</html>
