3134 5174
887 307 951 374 196

277 449 374 529 (Stes.
393 449 498 510 Heben
512 447 558 527 l),
579 451 682 510 Persii
697 451 761 510 ber.
779 455 809 508 et
826 450 949 510 australi
966 437 1082 530 (Auchi
1105 447 1218 508 Bulrsel
1238 449 1289 523 Ky
1300 443 1333 530 l),
1352 446 1554 508 Turluestanii

276 542 313 600 ad
331 539 468 600 Buchara
483 541 634 618 (Lelrml),
655 539 814 614 Ali‘glraniri
833 545 863 600 et
879 539 1052 600 Belnlsclriri
1070 537 1174 616 (Griffl
1193 538 1302 600 Sloclrs
1312 539 1344 618 l).
1361 538 1410 596 rt.
1431 556 1511 596 vere.

321 637 379 700 Ar.
404 637 527 717 Geogr.
543 641 697 716 Hispania,
716 638 816 699 Gallia
833 633 931 698 media
946 645 977 699 et
993 639 1146 715 australia,
1166 637 1328 700 Germania
1345 638 1551 713 occidentalis,

277 730 386 790 Bossia
402 731 550 792 australis.

363 1068 498 1143 (llll).
522 1069 571 1142 V.
595 1066 974 1142 FUMARIAGEAE.
1005 1069 1075 1141 De.
1100 1068 1200 1169 Syst.
1225 1067 1282 1162 ll,
1302 1096 1340 1168 p.
1373 1066 1472 1142 105.

322 1331 430 1398 Fleres
449 1329 657 1416 irregulares.
679 1329 772 1419 Calyr
791 1330 966 1418 disepalus.
991 1331 1098 1398 Petala
1117 1329 1139 1397 ll
1157 1329 1260 1398 libera
1279 1333 1327 1399 vel
1347 1331 1468 1400 coalita
1482 1331 1554 1398 inae-

277 1419 396 1510 qualia.
430 1417 573 1486 Stamina
592 1417 612 1484 6
632 1418 666 1484 in
693 1417 714 1484 9
737 1419 913 1507 phalanges
937 1419 1102 1508 oppositas
1128 1429 1203 1486 ante
1227 1419 1366 1486 stamina
1400 1420 1555 1486 exteriora

279 1509 357 1576 sitas
375 1506 491 1574 coalita
510 1506 653 1573 aetheris
673 1507 804 1592 cuiusve
824 1507 993 1596 phalangis
1020 1507 1207 1574 lateralibus
1231 1508 1494 1575 unilecularibus
1512 1508 1555 1574 in-

278 1597 436 1664 termedia
466 1595 646 1662 bileculari.
668 1593 818 1661 Ovarium
846 1593 1046 1662 unileculere
1067 1595 1123 1660 uni
1140 1597 1187 1662 rel
1213 1597 1472 1682 pluriorulatnm
1492 1597 1554 1683 pla·

279 1685 381 1752 centis
399 1683 624 1774 parietalibns,
637 1683 739 1750 evulis
752 1683 928 1772 anatropis.
945 1683 1074 1750 Silienla
1087 1696 1339 1752 nucamentacea
1351 1683 1555 1751 indehiseens

277 1774 327 1840 rel
346 1772 462 1861 siliqua
482 1770 624 1838 biralvis.
651 1771 792 1860 Embryo
823 1772 860 1838 ad
894 1771 986 1838 basin
1007 1771 1183 1838 albuminis
1203 1771 1359 1840 minutus.
1372 1813 1419 1822 —
1444 1772 1554 1839 llerbae

279 1861 364 1929 loliis
384 1861 475 1926 uelde
495 1859 615 1926 divisis.

581 2096 792 2172 cuttlttts
817 2097 883 2193 (lle.
909 2099 955 2172 tt.
977 2098 1029 2172 tr.
1050 2098 1100 2196 tv,
1125 2119 1154 2194 p.
1181 2097 1270 2192 ees).

324 2309 466 2376 Petalum
486 2304 636 2393 superins
655 2303 723 2371 basi
748 2303 960 2386 calcaratum,
984 2305 1122 2372 inferius
1144 2307 1276 2393 planum
1296 2306 1344 2370 vel
1366 2325 1547 2372 concamm.

278 2399 457 2466 Staminum
477 2414 609 2484 synema
629 2392 779 2480 superins
798 2392 866 2459 basi
887 2413 1041 2481 processu
1054 2392 1267 2460 calearilormi
1280 2403 1426 2462 auctum.
1441 2393 1551 2478 Stigmn

279 2488 435 2554 bilebum.
451 2483 586 2571 Capsula
610 2481 814 2570 pelysperma
833 2480 965 2548 biralvis
985 2481 1081 2549 valvis
1101 2504 1120 2548 a
1139 2482 1295 2570 placentis
1308 2481 1549 2570 persistentibus

279 2575 404 2645 solutis.
426 2572 541 2640 Samen
561 2570 608 2656 (in
628 2569 762 2658 nostris)
784 2567 958 2636 arillatum.

323 2799 417 2866 Sues.
440 2797 464 2864 l.
489 2796 718 2864 Burrommos
738 2795 856 2862 Bernh.
881 2795 987 2862 lladic
1001 2796 1161 2878 lethernau,
1175 2798 1296 2864 racemi
1309 2797 1431 2882 {loram
1443 2794 1546 2862 termi-

523 2884 628 2964 nales,
653 2885 870 2970 strophiclum
893 2884 1108 2970 diyilifcrme.

565 3069 581 3155 ,ξ
605 3069 636 3134 l.
667 3067 771 3134 Tuber
789 3077 902 3135 cuatus
923 3069 992 3135 basi
1011 3089 1076 3136 nea
1095 3069 1233 3136 divisas.

412 3252 430 3287 l
448 3249 535 3310 Folia
552 3251 669 3310 carlina
679 3250 828 3325 opposita.
843 3249 942 3309 (laulis
954 3249 1019 3309 basi
1037 3265 1094 3309 nou
1108 3249 1427 3325 squamatum-Sem.
1440 3244 1542 3308 witli-

501 3339 599 3492 ῗοὲἒῗ
628 3357 747 3504 goffi-
771 3338 846 3398 Gan.
881 3331 1077 3416 Cryplcccraa
1104 3337 1218 3398 Schott.
1248 3338 1325 3399 (Est.
1350 3340 1419 3399 Bel.
1449 3333 1539 3396 Wecb.

604 3476 611 3505 ,
652 3475 656 3486 .
748 3473 754 3488 .

322 3589 365 3658 0.
385 3585 610 3656 rutaelolla
634 3583 754 3670 (Simu.
786 3583 831 3650 rt.
864 3583 967 3650 Graec.
995 3583 1061 3650 tub.
1091 3581 1154 3651 867
1176 3583 1237 3650 sub
1264 3583 1443 3670 Ferraria)
1468 3579 1538 3650 loliis

274 3675 415 3744 caulinis
427 3671 615 3742 brevissime
635 3671 795 3759 petiolatis
814 3673 862 3738 vel
882 3671 1048 3739 sessilibus
1068 3670 1207 3738 trisectis
1227 3672 1401 3760 segmentis
1413 3670 1536 3762 petiolu-

274 3763 347 3831 latis
367 3762 468 3830 eratis
487 3763 535 3828 vel
554 3759 810 3846 evateohlengls
829 3758 977 3827 indivisis
998 3759 1168 3848 tripartitis
1185 3762 1236 3826 vel
1256 3761 1407 3846 triseelis,
1429 3761 1537 3828 calmre

276 3851 392 3920 obtuso
418 3848 618 3918 extremitate
645 3846 853 3929 ascendenti,
878 3847 1009 3948 capsula
1034 3851 1127 3916 erata
1155 3848 1312 3935 pedieello
1332 3869 1467 3916 recurvo
1485 3865 1534 3912 nu·

275 3939 356 4008 tanti
380 3951 429 4040 3⁶.
455 3935 492 4004 C.
514 3935 678 4036 recessitis
706 3946 738 4002 el
758 3933 794 4003 C.
816 3935 1036 4023 cppescltfolia
1055 3955 1106 4002 nu.
1128 3934 1210 4090 Si&
1234 3935 1313 4037 Lup.
1337 3935 1411 4004 tlt.
1437 3935 1470 4004 C.
1490 3931 1534 3998 Li-

276 4029 422 4096 bcnotcca
441 4025 574 4093 Heelrst.
598 4043 631 4090 rn
652 4023 771 4091 luerent
787 4023 906 4092 Wand.
929 4045 960 4112 p.
984 4022 1061 4091 399.
1086 4021 1123 4090 C.
1179 4025 1276 4091 rulelec
1301 4025 1434 4092 Zuecar.
1461 4021 1531 4090 Abu.

277 4115 406 4182 llitneh.
428 4113 525 4180 Acad.
552 4111 608 4194 lll,
632 4132 665 4199 p.
689 4109 772 4194 959,
794 4111 859 4178 tab.
886 4111 918 4178 9.
950 4109 1162 4200 Cryplocercs
1185 4113 1393 4200 rutefolium,
1416 4113 1452 4182 C.
1469 4107 1534 4265 Kill-

276 4204 436 4285 oisellum,
460 4197 495 4268 C.
518 4200 696 4267 nwderlum
716 4209 748 4266 et
774 4197 810 4266 C.
834 4220 1075 4288 purpurrcseeur
1101 4198 1213 4267 Schott
1232 4211 1264 4267 et
1283 4201 1340 4292 tty.
1372 4200 1406 4268 in
1433 4202 1473 4269 'le
1493 4195 1530 4262 ili.

276 4293 329 4360 lls.
353 4289 431 4358 min.
454 4287 522 4356 Bet.
545 4287 570 4372 l,
592 4309 624 4376 p.
645 4285 723 4355 359.

320 4399 398 4459 Heb.
417 4399 447 4457 iu
466 4395 587 4472 regione
602 4395 704 4470 alpini
720 4393 759 4454 ad
777 4393 860 4454 nives
886 4393 1134 4470 deliquescenles,
1153 4393 1227 4454 Asia
1245 4395 1341 4454 minor
1355 4393 1463 4469 (Auel.
1480 4406 1531 4452 exa.

275 4485 413 4570 40551),
430 4483 519 4564 (ξενία
536 4485 565 4544 in
585 4489 683 4544 monle
706 4483 814 4543 Tmolo
839 4479 947 4564 (Auch.
965 4479 1050 4546 teat
1075 4479 1220 4566 Belesi),
1244 4483 1376 4560 Phrygia
1400 4483 1431 4544 in
1448 4481 1530 4543 monle
