3276 5200
683 395 749 469 589

100 675 145 747 S.
168 694 416 746 racemosa
442 675 529 764 (Ottb
551 676 582 742 in
604 694 655 742 nc.
679 673 793 742 Prcdr.
819 677 844 760 l,
865 699 896 766 p.
919 675 999 780 381)
1021 679 1094 768 pilis
1113 679 1228 771 crispis
1247 703 1361 750 canes-

56 787 153 848 cens,
177 768 282 833 canle
302 766 424 854 pluries
444 777 475 832 ct
494 764 694 832 divaricatim
715 763 915 850 dichotcmo,
937 768 1021 834 loliis
1042 769 1363 858 oblongo-lanceola-

57 855 101 922 tis
122 856 256 940 acutis,
277 855 444 922 lluralibus
463 853 734 936 membranaceis,
756 855 948 941 pedunculis
967 855 1181 942 brevissimis,
1201 861 1309 949 calyce
1323 862 1361 928 ad

58 966 186 1011 nervos
210 944 337 1011 virides
356 943 578 1033 prominentes
597 944 705 1030 patule
725 959 833 1011 setoso
852 943 993 1012 breviter
1012 946 1188 1036 cylindrico
1212 949 1364 1018 dentibus

59 1033 216 1101 breviter
237 1033 426 1101 lanceolatis
446 1031 561 1115 acutis,
583 1030 749 1098 fructifero
769 1033 1041 1122 ovato-oblongo,
1062 1036 1183 1104 lamina
1200 1037 1271 1106 alba
1297 1039 1364 1106 lere

62 1124 103 1190 ad
125 1122 231 1190 basin
254 1124 289 1189 in
308 1123 442 1190 lacinias
463 1121 615 1189 obovatas
634 1119 806 1210 bipartita,
834 1143 963 1192 coronae
989 1124 1115 1194 laciniis
1134 1125 1287 1194 brevibus
1306 1128 1365 1196 ob-

63 1212 162 1295 tusiS,
187 1211 329 1299 capsula
348 1216 452 1295 ovata,
473 1210 677 1300 carpophoro
695 1209 901 1294 brevissimo,
914 1211 1093 1282 seminibus
1115 1217 1365 1302 rugoso-tuber-

66 1301 188 1368 culatis
210 1300 298 1367 facie
318 1301 422 1388 planis
442 1301 539 1368 dorso
559 1299 843 1368 subcanaliculatis
866 1310 902 1382 Θ
925 1311 957 1368 et
976 1303 1029 1388 0.
1053 1302 1090 1370 S.
1113 1305 1297 1374 divaricata
1316 1305 1362 1375 rt.

66 1389 177 1457 Graec.
200 1389 246 1474 V,
269 1411 300 1478 p.
323 1388 379 1473 10,
400 1389 464 1457 tab.
487 1387 531 1456 11
550 1409 615 1456 non
634 1387 732 1456 Clam.

114 1497 199 1556 Hab.
219 1496 252 1554 in
272 1498 420 1556 nonanis
437 1495 619 1556 Macedonia
631 1495 788 1572 (11111111),
802 1495 936 1570 Byzantii
951 1489 1080 1576 (Casti),
1099 1499 1233 1574 Smyrna
1248 1501 1365 1578 (Boissl

69 1588 137 1648 Bal.
156 1603 226 1646 exs.
248 1582 349 1664 991),
368 1585 462 1646 Uaria
479 1584 587 1666 (Siblh.
608 1578 759 1666 Pinard!),
777 1585 962 1662 Pamphyliae
981 1582 1132 1669 (Heldri).
1152 1589 1198 1650 rt.
1216 1591 1365 1652 utattuu.

118 1689 234 1748 Planta
252 1685 312 1750 1-5
338 1689 455 1766 pedalis
477 1705 542 1764 quae
565 1705 585 1746 a
607 1680 788 1763 praecedenti
814 1688 940 1747 racemis
964 1690 1062 1764 longis
1081 1691 1155 1750 laxis
1184 1692 1367 1768 divaricatis,

72 1779 180 1855 calyce
196 1776 264 1840 ts
280 1780 375 1838 lineas
391 1784 504 1838 tanam
521 1778 623 1854 longo,
639 1775 756 1836 laminis
773 1775 950 1851 profundius
967 1779 1128 1858 bipartitis,
1146 1783 1270 1858 capsula
1280 1785 1370 1844 ovata

74 1875 122 1928 sat
137 1869 270 1929 differre
288 1870 417 1928 videtur.

119 1968 155 2050 β.
179 1965 435 2054 Sibtbccpiaaa.
452 1963 570 2032 Similis
589 1973 678 2052 typo,
699 1961 754 2028 sed
775 1981 896 2029 corona
916 1963 956 2030 ad
975 1963 1069 2033 basin
1089 1965 1217 2036 laminae
1235 1967 1370 2036 minima

78 2055 117 2122 ad
138 2054 159 2121 b
180 2056 375 2143 squamulas
393 2054 442 2119 vel
460 2053 576 2140 gibbos
596 2052 740 2119 reducta.
771 2049 808 2116 S.
839 2049 1075 2142 Sibtbcrpt'aaa
1102 2055 1205 2123 Rchb.
1228 2055 1274 2124 Fl.
1301 2080 1368 2126 erc.

78 2165 110 2232 p.
133 2143 202 2210 1115
224 2144 262 2211 in
282 2147 369 2210 nota.
392 2141 428 2210 S.
448 2143 630 2208 dichotomu
650 2140 696 2206 rt.
718 2140 821 2206 liraec.
844 2137 882 2222 V,
905 2141 968 2207 tab.
991 2141 1142 2212 11311011
1163 2144 1196 2212 b.
1219 2145 1255 2212 S.
1276 2147 1370 2214 Tetr-

82 2233 185 2300 lreaaa
205 2233 241 2300 C.
260 2232 348 2300 llccb
369 2231 463 2298 Linn.
485 2229 569 2314 11111,
586 2252 619 2319 p.
634 2227 689 2295 56.
705 2226 741 2294 S.
756 2227 947 2316 sesstttytorc
963 2231 1070 2299 Pciret
1081 2231 1190 2322 Suppl.
1206 2233 1244 2320 V,
1258 2257 1290 2324 p.
1306 2235 1372 2303 151

82 2333 112 2386 et
130 2321 238 2389 herb!

126 2429 207 2490 Hab.
228 2428 263 2488 in
279 2426 369 2488 Creta
387 2425 502 2505 (Sibtht
519 2423 655 2502 Heldrl),
674 2421 774 2499 Cypro
794 2416 900 2506 (Kyil,
918 2423 1061 2485 Anatolii
1073 2429 1153 2487 omni
1171 2445 1190 2486 a
1207 2419 1367 2504 Bithynia!

82 2519 121 2577 ad
137 2519 316 2578 Armeniam
324 2520 343 2596 l,
356 2517 443 2593 Syria
458 2517 497 2576 ad
515 2515 633 2590 Aleppo
654 2511 717 2595 (Ky
735 2529 798 2573 exe.
811 2509 905 2594 1171)
926 2521 955 2575 et
971 2515 1119 2594 Tripolim
1138 2507 1237 2602 (stt),
1256 2519 1370 2579 Palaes-

84 2609 147 2669 tini
177 2598 335 2690 (Boissll,
360 2605 576 2682 Mesopotamia
594 2603 703 2684 (Auch.
731 2621 794 2662 exs.
819 2595 951 2689 4751),
971 2606 1075 2667 Persia
1091 2609 1168 2668 inter
1185 2607 1325 2670 Tebaran
1343 2616 1374 2670 et

86 2697 196 2759 Tabris
210 2699 331 2778 (Bange
340 2694 371 2779 1).

131 2801 203 2862 leon
227 2802 394 2880 Sibthorpii
421 2800 545 2860 laminas
572 2798 616 2856 eis
641 2795 672 2857 S.
703 2813 859 2857 racemosa
887 2798 1076 2873 augustiores
1094 2799 1217 2863 exbibet
1234 2804 1288 2863 sed
1308 2803 1371 2867 bec

88 2895 156 2950 nota
173 2893 332 2952 varietati
349 2895 378 2950 in
394 2890 461 2967 ipsit
474 2887 675 2964 descriptione
684 2883 851 2963 Sibtborpii
869 2888 1029 2949 indicatur.

89 3019 163 3146 aey.
185 2989 324 3057 iberica.
353 2988 445 3078 Galyr
466 2985 684 3074 glabrescens.
719 2984 755 3052 S.
780 2983 904 3052 toreca
923 2985 988 3053 ΜΒ.
1011 2985 1108 3053 Taur.
1130 2985 1226 3056 ilaue.
1251 2989 1276 3074 1,
1296 3010 1369 3078 pag.

132 3133 211 3248 aab.
230 3187 262 3245 in
280 3201 365 3261 prov.
384 3181 556 3244 Caucasicis
574 3181 652 3260 (ΜΒ.
669 3179 817 3255 Hebenl).

134 3286 180 3348 Ob
197 3289 319 3363 calyces
335 3286 444 3346 breves
460 3283 523 3345 hac
538 3283 634 3344 forma
649 3282 707 3343 buc
724 3281 822 3357 potius
841 3299 929 3357 quam
945 3281 984 3342 ad
1001 3282 1131 3358 speciem
1151 3285 1373 3360 precedentem

94 3383 218 3453 spectat.
240 3375 367 3453 (iprona
383 3374 497 3435 lacinia
515 3381 545 3435 ut
562 3375 592 3432 in
608 3378 693 3449 typo.
713 3369 835 3430 Semina
851 3389 909 3430 non
928 3371 1000 3431 vidi.

137 3476 167 3543 δ.
189 3473 380 3559 rubristcra.
415 3471 530 3541 Omnia
549 3470 615 3626 iipi
636 3469 693 3537 sed
711 3467 832 3538 corolla
852 3467 978 3536 intense
996 3488 1173 3558 purpurea.
1206 3469 1242 3537 S.
1263 3470 1375 3537 dicbu-

98 3569 178 3630 tcuta
196 3585 265 3632 var.
288 3594 320 3656 y.
343 3562 461 3630 Ledeb.
484 3559 532 3627 n.
583 3579 646 3627 oss.
671 3557 696 3638 l,
717 3579 750 3647 p.
772 3555 850 3625 315.

99 3658 219 3804 LHnb.
249 3659 279 3718 in
311 3675 395 3734 prov.
424 3655 597 3716 Oaucasicis
623 3651 859 3714 occidentalibus
885 3648 1114 3733 (Nordmaunl)
1133 3671 1161 3712 v.
1190 3670 1215 3712 s.
1235 3653 1265 3712 in
1285 3653 1375 3714 berb.

125 3747 207 3810 edeb.

388 3977 420 4040 b.
445 3978 551 4039 Floras
570 3993 673 4037 omnes
689 3975 904 4036 unilatcraliter
921 3976 1079 4036 racemosi.

143 4175 182 4244 S.
206 4175 480 4247 aeldretchfl
510 4171 624 4262 yBoiss.
654 4171 755 4259 Diagn
796 4169 866 4238 Ser.
894 4169 920 4254 l,
944 4169 1031 4253 Vlll,
1052 4191 1083 4259 p.
1106 4170 1162 4259 81)
1197 4171 1271 4272 pilis
1297 4173 1380 4241 albis

104 4261 201 4350 longis
227 4265 376 4354 crispulis
403 4261 543 4330 molliter
570 4259 709 4349 hispida,
740 4259 887 4327 caulibus
910 4258 1159 4328 ascendentibus
1179 4261 1380 4348 simplicibus

106 4354 149 4417 vel
168 4353 291 4422 inferne
310 4374 407 4442 parce
428 4350 612 4433 ramulosis,
634 4348 770 4417 lloribus
790 4347 958 4416 sessilibus
978 4350 1046 4416 laxe
1067 4359 1099 4416 ct
1117 4351 1212 4437 longe
1234 4369 1379 4418 racemo-

107 4437 159 4524 sis,
179 4443 260 4511 loliis
280 4440 476 4510 radicalibus
496 4437 858 4527 oblongo-spathulatis,
881 4436 1016 4504 caulinis
1029 4447 1061 4504 et
1072 4438 1210 4505 bracteis
1222 4438 1380 4525 oblongo·

107 4525 277 4600 linearibus
297 4531 399 4599 acutis
418 4531 541 4620 calyces
560 4527 732 4595 inferiores
751 4525 969 4614 aequantibus,
1002 4527 1110 4616 calyce
1141 4529 1250 4626 patule
1280 4528 1381 4595 dense

110 4625 139 4681 et
156 4619 244 4709 longe
263 4622 375 4688 villoso
399 4639 417 4686 e
443 4618 512 4686 basi
541 4621 689 4685 truncata
718 4614 893 4704 cylindrico
923 4614 1031 4682 nervis
1061 4614 1218 4682 viridibus
1249 4615 1381 4683 elevatis
