3242 5186
850 285 915 354 386

145 437 150 446 ’
245 427 291 494 vis
310 426 415 514 planis
434 426 481 494 vel
500 424 768 492 tereti-carinatis
787 424 843 492 uni
869 423 1036 492 rarissime
1062 424 1280 513 plurinerviis.
1314 425 1448 493 Semina
1469 423 1533 492 lu
1560 505 1564 510 ,

244 515 362 582 seriata
382 535 577 602 compressa.
600 513 812 602 Cotgledones
831 513 1076 602 conduplicatas.
1090 552 1135 564 -
1155 513 1272 582 llerbae
1290 513 1413 601 glabrae
1435 513 1532 582 llori-

244 602 305 672 bus
325 605 440 692 amplis
458 601 620 670 violaceis.

244 839 260 927 §
284 839 315 906 l.
342 837 754 908 Eumoricandia.—
778 835 870 905 Folia
894 838 1039 904 indiuisa
1061 837 1231 925 superiora
1255 839 1531 929 empleuicculru.

288 1031 342 1096 Μ.
366 1029 576 1098 arnensis
608 1026 658 1115 (L.
682 1027 778 1095 Mant.
802 1025 845 1094 95
871 1025 931 1094 sub
959 1025 1126 1115 Brassica)
1148 1047 1330 1114 perennans
1350 1029 1530 1112 herbacea,

243 1117 328 1185 loliis
347 1115 482 1202 integris
501 1115 711 1185 inferioribus
730 1115 875 1182 eboratis
895 1115 927 1181 in
941 1114 1097 1202 petiolum
1111 1115 1285 1182 attenuatis
1298 1117 1532 1205 superioribus

244 1204 349 1272 ebasi
371 1205 530 1306 profunde
549 1215 580 1272 et
606 1205 721 1272 obtuse
746 1203 925 1271 auriculatd
951 1202 1114 1290 oblongis,
1144 1203 1259 1292 petalis
1289 1206 1395 1295 calyce
1427 1208 1532 1296 duplo

243 1293 459 1380 longioribus
490 1293 616 1381 siliquis
646 1291 1029 1380 compresso-tetragonis
1060 1292 1142 1380 stylo
1168 1292 1282 1360 conico
1308 1313 1422 1360 earum
1443 1296 1527 1363 latit.

242 1383 385 1469 longiori
405 1381 502 1449 valvis
521 1381 700 1449 uninerviis
720 1381 886 1463 carinatis,
920 1379 1098 1448 seminibus
1118 1380 1219 1448 oratis
1240 1381 1403 1450 biseriatis
1498 1395 1532 1452 et

251 1483 298 1548 lt.
321 1471 365 1538 M.
386 1470 533 1538 urueusis
553 1490 603 1538 nc.
626 1471 688 1538 loc.
711 1469 764 1536 cit.
787 1469 889 1536 Sibtb.
912 1467 958 1534 n.
981 1468 1084 1536 Graec.
1109 1469 1173 1536 tab.
1197 1467 1273 1535 ull.

287 1577 365 1637 Hab.
383 1579 413 1635 in
431 1577 556 1636 collibus
574 1577 677 1635 insulae
696 1573 887 1650 Oepbaloniae
899 1571 1043 1648 (Schimp.
1062 1579 1093 1632 et
1112 1573 1225 1634 Wiestl
1244 1565 1384 1655 Heldrl),
1402 1578 1433 1636 in
1447 1576 1532 1638 Gro-

245 1667 291 1727 cin
309 1665 359 1744 (ex
377 1665 499 1743 siban).

288 1767 345 1829 Ar.
362 1765 486 1846 Gaogr.
511 1767 634 1843 Europa
650 1767 789 1826 australis
807 1769 879 1841 tota,
899 1763 1002 1824 Africa
1019 1765 1162 1826 borealis.

288 2007 341 2074 Μ.
357 2004 535 2074 Sinalca
555 2003 670 2090 (Boiss.
693 2003 776 2069 dnn.
798 2001 848 2070 Sc.
872 2003 944 2071 Nat.
967 2002 1067 2080 tana,
1114 2056 1121 2068 .
1144 2001 1187 2069 85
1206 2001 1267 2070 sub
1288 2001 1456 2092 Brassica)
1478 2003 1532 2070 bi·

245 2093 338 2161 ennis
357 2095 404 2160 vel
425 2111 621 2179 perennans,
655 2091 740 2158 loliis
766 2091 881 2180 amplis
908 2091 1043 2180 integris
1069 2023 1286 2160 obtusissimis
1313 2090 1532 2161 inferioribus

245 2182 394 2268 oblongis
414 2180 483 2248 basi
504 2180 677 2248 attenuatis
702 2179 839 2247 caulinis
865 2181 965 2248 uvalis
991 2179 1151 2270 profunde
1177 2191 1209 2247 et
1236 2179 1350 2246 obtuse
1377 2181 1533 2248 cordato-

245 2269 445 2350 auriculatiS,
467 2268 582 2356 petalis
601 2268 728 2357 pallidis
747 2269 853 2358 calyce
873 2268 1200 2370 sesquilongioribus,
1226 2267 1351 2356 siliquis
1371 2269 1531 2336 subcom-

245 2359 548 2447 presso-tetragonis
572 2357 716 2443 angustis
742 2356 891 2443 stigmate
917 2357 1082 2424 subsessrli
1109 2355 1291 2445 apiculatis,
1323 2356 1423 2425 valvis
1447 2379 1530 2425 con-

246 2448 331 2515 vexis
351 2445 542 2528 unicornis,
564 2445 742 2513 seminibus
761 2445 909 2534 oblongis
929 2445 1178 2513 subuniseriatis
1260 2456 1291 2512 et
1317 2455 1365 2522 nt.

290 2555 368 2614 Hab.
389 2555 418 2611 in
435 2553 560 2613 vallibus
578 2553 729 2614 Binaiticis
747 2551 844 2614 Ouadi
861 2553 969 2614 Fairan
986 2558 1017 2613 et
1033 2553 1133 2613 Onadi
1151 2547 1235 2615 Ussit
1258 2547 1399 2639 (Boissl),
1426 2551 1529 2616 unani

244 2644 313 2703 Atal
322 2639 455 2724 (Schimp
467 2637 498 2722 l),
511 2643 540 2701 in
550 2642 654 2702 Persia
665 2642 918 2704 austro-orientali
928 2644 1005 2702 inter
1015 2641 1170 2704 Kbsbbise
1183 2649 1213 2702 et
1221 2641 1353 2702 Kerman
1365 2643 1488 2720 (Bange
1498 2641 1527 2726 l),

243 2735 274 2792 in
292 2731 465 2793 Belntscbiai
484 2730 606 2809 (Stoeks
617 2735 647 2807 l).

287 2835 373 2894 Folia
391 2851 470 2909 supe
494 2829 560 2895 5-4
577 2834 701 2909 pollices
719 2834 818 2909 longa,
836 2835 938 2910 petala
955 2833 1066 2910 pallide
1085 2852 1172 2894 rosea
1188 2834 1232 2894 eis
1251 2834 1292 2894 ll.
1315 2813 1448 2896 emensis
1469 2838 1528 2897 mi·

242 2942 326 3002 nora,
343 2925 456 3000 siliquae
467 2919 577 3006 22¹1,
594 2924 755 3000 pollicares
766 2925 814 2982 vix
832 2923 939 2982 lineam
951 2924 1029 2984 latae.

285 3187 339 3254 M.
359 3182 551 3254 dumosa
569 3181 683 3270 (Boiss.
698 3183 811 3269 Diagn.
834 3181 902 3250 Ser.
920 3183 944 3264 l,
965 3181 1047 3264 Vlll,
1094 3181 1174 3272 ,95)
1196 3183 1401 3256 sullruticosa
1421 3188 1525 3255 raris-

241 3273 322 3340 sime
342 3273 491 3354 dumosa,
517 3271 599 3339 loliis
626 3271 732 3360 parvis
756 3271 905 3358 oblongis
924 3203 1135 3340 inferioribus
1154 3284 1187 3338 et
1205 3271 1252 3340 eis
1271 3295 1438 3342 ramorum
1460 3288 1525 3344 ste-

241 3361 349 3428 rilium
371 3381 455 3448 saepe
475 3381 510 3427 re
535 3359 857 3426 ando-dentatisbasi
871 3360 1208 3444 canente-attenuatis,
1229 3361 1367 3430 caulinis
1381 3365 1526 3432 cordatis

240 3449 381 3516 breviter
400 3381 587 3516 auricnblis
607 3447 828 3530 acutiusculis,
850 3447 962 3535 petalis
981 3449 1089 3537 calyce
1109 3447 1436 3538 sesquilongioribus
1458 3453 1524 3520 sili·

240 3537 313 3627 quis
332 3535 712 3625 compresso-tetragonis
731 3547 866 3624 anguste
885 3535 1076 3618 linearibus,
1101 3537 1181 3627 stylo
1205 3557 1319 3606 earum
1338 3539 1422 3607 latit.
1444 3541 1524 3608 sub·

239 3625 392 3780 {pngiori
424 3625 521 3693 valvis
551 3623 908 3706 carinam-uniuersus,
942 3623 1122 3692 seminibus
1152 3625 1252 3693 oratis
1271 3626 1523 3698 subuniseriali·

262 3735 300 3782 ns
319 3725 347 3790 5.

283 3820 360 3878 Hab.
377 3819 407 3877 in
424 3819 538 3880 Arabia
558 3819 674 3880 Petrae
698 3819 925 3896 septentrionali
943 3819 1050 3895 ajngo
1075 3817 1136 3880 Tib
1158 3817 1198 3880 ad
1223 3820 1333 3882 limites
1352 3822 1522 3885 Palaestina

241 3905 393 3990 (Boissl).

281 4009 394 4068 Damus
410 4007 557 4081 bipedalis
569 4012 673 4067 maneo
686 4024 764 4083 sape
782 4025 893 4084 craeso,
909 4007 981 4068 lolia
995 4004 1053 4070 6·9
1068 4009 1163 4069 lineas
1180 4015 1293 4072 tantum
1311 4013 1413 4090 longa,
1426 4015 1521 4076 flores

238 4099 281 4157 eia
297 4097 335 4157 ll.
362 4095 492 4158 anemis
515 4097 638 4156 dimidio
663 4097 810 4174 minores,
836 4099 949 4174 siliqua
977 4093 1124 4182 NJA'J,
1141 4101 1268 4175 pollices
1286 4103 1385 4177 longa
1408 4106 1519 4166 lineam

236 4188 286 4245 vix
305 4189 380 4249 latae.
398 4220 439 4230 -
468 4185 506 4246 M.
529 4186 722 4261 mfsmticmc
746 4186 859 4246 (loeson
876 4205 922 4246 =
938 4187 1076 4266 Hesperia
1099 4189 1199 4250 uiuus
1216 4190 1282 4251 Vir.
1311 4191 1378 4253 Lib.
1398 4195 1460 4254 tab.
1481 4195 1517 4268 V,

235 4276 256 4336 s.
274 4275 306 4356 5,
324 4277 414 4338 babet
432 4277 502 4336 folia
524 4277 635 4336 minuta
653 4283 761 4338 nostra
778 4277 890 4353 speciei
906 4279 960 4338 sed
977 4279 1066 4339 flores
1089 4280 1131 4338 eis
1149 4279 1189 4340 M.
1216 4282 1349 4343 autema
1376 4300 1435 4344 non
1455 4287 1520 4344 mi-

235 4384 324 4427 nores
342 4371 372 4426 et
389 4366 513 4442 siliquas
532 4365 677 4425 diversas.
