3156 5176
851 311 916 380 aba

247 467 380 528 Caucaso
409 468 486 526 curui
503 465 725 550 (O.A.Mey!),
747 469 864 541 alpibus
883 467 994 526 Porsiis
1016 470 1081 528 bor.
1104 469 1231 528 Saralan
1251 470 1396 550 (seruit),
1416 471 1537 529 Elbrus

247 555 348 639 (syn,
368 565 396 616 ot
416 556 588 614 Demarond
608 553 713 634 (Anch.
733 554 924 620 arsibili!
947 557 1084 626 Buhsoli.

290 657 384 734 Hujus
401 656 510 732 speciei
523 657 572 712 vix
597 657 726 714 varietas
747 657 862 716 silicula
880 659 1031 733 paululum
1049 660 1176 717 breviori
1194 665 1306 718 tanturn
1326 665 1356 718 et
1372 677 1436 718 non
1456 677 1534 716 sern-

245 765 299 822 por
316 746 472 804 discedens
485 751 529 804 est
549 745 580 802 llv
598 745 744 806 lobannis
761 747 905 805 Hert:
924 747 1118 808 Carintbioca
1135 749 1250 823 Hoppe.
1266 769 1313 808 =
1328 749 1481 826 ruperti-ia
1498 749 1536 807 R.

248 837 297 894 Br.
312 835 583 894 :Scaudinauiru
600 836 718 896 Lindbl.
738 835 772 895 D.
791 838 966 912 siliquoaam
984 839 1019 898 cl.
1040 839 1133 914 Regel
1154 843 1183 896 et
1200 839 1310 914 Tiliug.
1332 840 1378 897 Fi.
1393 839 1492 916 Ajan‚
1503 857 1532 912 p.

246 923 291 987 54
309 945 372 986 cum
386 925 419 984 ll.
439 927 518 984 birtd
538 925 571 984 L.
591 927 773 1002 conjungunt
788 928 840 986 sed
861 927 923 986 hcc
941 929 1040 1002 scapis
1060 928 1259 1004 polyphyllis,
1279 929 1401 989 silicnlri
1416 929 1528 1003 stylara

246 1021 276 1075 et
294 1017 392 1074 multis
409 1015 475 1074 aliis
495 1015 573 1074 notis
591 1015 710 1074 diversa
726 1015 852 1074 videtur.

289 1115 347 1178 Ατ.
372 1115 495 1194 Geogr.
521 1117 613 1192 Alpes
642 1117 818 1192 Norvegiae,
845 1119 967 1194 Scotiae,
993 1119 1149 1194 Helvetia,
1181 1117 1361 1192 Germaniae,
1394 1119 1529 1180 Banatds

154 1222 160 1230 '
244 1205 372 1288 (linai),
391 1204 617 1283 Transylvaniac
635 1195 741 1284 (Kyii.

246 1460 338 1525 Sncr.
369 1458 418 1523 lV.
446 1457 627 1522 liniuntur.
657 1475 707 1521 uc.
734 1455 815 1543 Syst.
839 1455 1035 1529 uuririuuu’,
1060 1457 1195 1541 floribus
1221 1457 1305 1524 albis
1338 1459 1387 1524 eet
1411 1459 1525 1544 stares.

511 1543 784 1698 ἥῑζξῑῖιῇζξῇἕω
807 1544 885 1630 pulis
916 1547 1051 1610 rurrrosis
1073 1545 1213 1632 aliisque
1235 1545 1446 1633 simplicibus
1467 1571 1530 1635 pu-

289 1831 335 1898 D.
348 1828 539 1896 muralis
560 1827 609 1913 tt.
625 1825 677 1916 Sp.
693 1825 771 1912 897)
793 1826 875 1892 loliis
896 1825 1039 1893 obovatis
1060 1827 1194 1913 integris
1213 1830 1261 1894 vel
1274 1830 1430 1912 dentatiS,
1454 1853 1529 1898 cau·

247 1917 319 1984 linis
332 1915 401 1983 basi
416 1915 616 1996 auriculatis‚
638 1915 774 1981 lloribus
794 1914 950 1996 minimis,
972 1915 1084 2002 petalis
1104 1916 1249 1983 obovatis
1270 1917 1406 2004 integris
1427 1919 1525 2002 albis,

247 2025 375 2072 racemo
402 2003 568 2072 sructiieso
594 2003 783 2088 longissimo
809 2005 892 2086 laxo,
924 2003 1058 2070 siliculis
1078 2004 1243 2092 podicellis
1262 2006 1458 2094 aequiiongis
1479 2009 1526 2074 vel

245 2095 343 2182 duplo
362 2091 563 2179 longioribus
584 2092 721 2158 suilultis
741 2091 862 2177 glabris
882 2091 1042 2178 ellipticis,
1070 2092 1184 2160 loculis
1210 2091 1269 2160 6-8
1295 2095 1437 2182 spernus
1472 2104 1523 2175 Θ.

246 2184 288 2249 lo.
312 2181 414 2249 ttctrn.
438 2181 460 2246 s.
482 2178 581 2245 4235.

290 2290 366 2349 Hab.
386 2290 414 2346 in
433 2289 518 2347 cultis
533 2295 562 2344 et
579 2286 713 2344 arenosis
731 2287 861 2360 regionis
880 2291 1033 2360 montanae,
1051 2285 1175 2346 Graeciae
1191 2287 1220 2344 in
1236 2294 1334 2346 monte
1351 2289 1520 2347 Panachai-

245 2397 297 2438 cos
325 2396 417 2454 supra
434 2377 539 2435 Patras
570 2370 731 2455 (Hadri),
760 2375 916 2449 Taygetus
939 2373 1089 2454 (Boissl),
1121 2394 1204 2434 mons
1233 2376 1349 2435 Malevo
1376 2373 1523 2437 Lacouiae

245 2467 385 2546 (Orplrt),
404 2467 543 2525 Anatolia
562 2463 670 2542 (Auoh.
690 2480 753 2521 exs.
781 2460 906 2545 2971),
927 2465 1066 2539 Bithynia
1081 2463 1227 2542 (Griseb.)
1238 2511 1247 2541 ‚
1266 2463 1371 2526 Cilicia
1389 2459 1522 2551 (Bali),

244 2557 357 2616 Tauria
375 2563 404 2615 et
421 2555 571 2616 Caucasus
589 2553 667 2631 (ΜΒ.
684 2551 823 2632 Laden).

288 2653 346 2714 Ar.
371 2652 493 2732 Geogr.
517 2655 656 2730 Europa,
676 2650 780 2712 Africa
795 2653 936 2712 borealis.

288 2895 333 2962 D.
355 2893 505 2962 Huettt
525 2890 639 2976 (boiss.
663 2889 776 2976 Diagn.
800 2891 869 2956 Ser.
894 2889 934 2971 ll,
956 2889 1007 2971 V.,
1030 2909 1061 2976 p.
1085 2889 1142 2975 at)
1164 2891 1248 2957 l'oliis
1268 2889 1416 2978 oblongis
1437 2892 1521 2958 inte-

242 2980 309 3068 gris
329 2983 377 3048 vel
404 2979 608 3046 denticulatis
634 2978 770 3045 caulinis
794 2999 859 3045 non
879 2977 1086 3058 canonialis,
1108 2977 1244 3044 lloribus
1264 2979 1383 3065 parvis,
1404 2981 1520 3067 petalis

243 3067 360 3136 retusis
380 3067 596 3149 ochroleucis,
618 3086 747 3133 racemo
766 3067 932 3134 fructifero
952 3067 1065 3148 denso,
1087 3065 1221 3132 siliculis
1240 3066 1397 3154 pedicello
1410 3069 1520 3155 patulo

243 3157 291 3224 vix
312 3155 515 3224 breuioribus
534 3154 629 3220 hirtis
648 3154 808 3242 ellipticis,
832 3155 944 3222 loculis
964 3151 1047 3221 8-10
1067 3153 1203 3241 spermis
1226 3163 1277 3234 Θ.

288 3263 365 3322 Hab.
385 3264 413 3320 in
439 3261 560 3338 regione
578 3261 680 3335 alpina
697 3277 788 3336 supra
805 3262 921 3320 Elmalu
940 3261 969 3320 in
988 3260 1083 3335 Lycia
1102 3261 1256 3338 (Bourgt),
1275 3261 1304 3318 in
1322 3261 1464 3321 Anatolii
1481 3263 1519 3320 ad

241 3351 394 3428 Beybazar
411 3351 519 3429 (ducii.
536 3368 599 3408 aas.
617 3345 728 3410 4058!
748 3351 839 3409 mixta
856 3369 921 3410 oum
949 3349 983 3409 ll.
1006 3345 1181 3432 commati),
1207 3352 1236 3408 in
1259 3348 1452 3424 Cappadocia
1481 3352 1518 3409 ad

242 3443 360 3500 radices
377 3441 477 3515 Argaei
495 3439 559 3517 (Ky
575 3455 639 3498 ers.
660 3435 778 3516 1952),
797 3440 937 3498 Armenia
954 3439 992 3498 ad
1016 3438 1220 3512 Kochapouar
1238 3429 1376 3517 (Hneti)
1403 3449 1433 3499 et
1458 3439 1516 3500 Gu-

240 3528 427 3590 muclrkhane'
445 3525 600 3608 (Bourgt),
622 3529 652 3586 in
672 3529 781 3588 Persia
797 3529 861 3588 bor.
880 3545 968 3603 prov.
986 3527 1174 3603 Adorbidjan
1193 3529 1232 3587 ad
1250 3527 1368 3588 Salmas
1386 3529 1515 3606 (Saowt)

242 3625 272 3678 et
289 3621 318 3678 in
334 3637 421 3694 prov.
440 3618 609 3678 Astarabad
626 3608 746 3702 (Bunge
760 3613 796 3695 i).

287 3719 393 3778 Planta
411 3718 499 3777 etiarn
528 3717 680 3775 fructifera
700 3715 891 3790 semipedalis
910 3715 958 3773 vel
975 3715 1025 3772 vix
1045 3715 1177 3790 longior,
1197 3717 1322 3777 siliculae
1338 3718 1382 3776 eis
1400 3735 1515 3792 praca-

242 3807 339 3866 dentis
351 3817 379 3866 et
396 3807 430 3867 ll.
445 3806 605 3866 minorabis
619 3807 748 3880 majores
764 3801 848 3865 bliu.
864 3805 973 3880 longa,
992 3805 1106 3862 semina
1120 3805 1245 3881 majora.
1257 3806 1364 3865 Affinis
1379 3806 1413 3865 b.
1430 3807 1514 3866 tum·

242 3898 319 3957 cauti
337 3895 451 3956 Oosson
470 3915 506 3956 ex
524 3894 686 3970 Hispanid,
712 3910 831 3953 racemo
851 3893 1028 3953 abbreviato
1047 3892 1219 3970 subsessdi,
1238 3895 1386 3971 pedicollo
1403 3895 1516 3957 silicula

242 3986 388 4063 breviori,
406 3993 478 4062 eto,
497 3984 654 4045 distincta.

390 4303 396 4315 ι
489 4303 495 4316 ⁸
618 4215 668 4368 qn.
690 4213 759 4302 Sp,
781 4234 812 4312 p.
836 4211 914 4299 ota)
936 4211 1020 4311 foliis
1040 4161 1185 4310 obouatis
1204 4210 1355 4311 dentatis,
1382 4211 1513 4278 caulinis

242 4300 976 4487 tttrttttttttlttistst?’nstitit
991 4299 1513 4482 tttttltttttlttitit?

243 4481 386 4547 rioribus
408 4479 568 4568 ellipticis,
588 4477 701 4544 loculis
721 4475 825 4544 16-18
845 4495 982 4563 spermrs
1005 4483 1056 4554 Θ.
1081 4473 1182 4541 ltchb.
1205 4475 1227 4539 f.
1250 4473 1347 4542 abab.

286 4219 332 4285 D.
352 4217 598 4286 nemoralis
