3236 5204
883 391 948 459 676

210 621 213 628 Ι
271 535 395 684 1ηΗιιΙ).
412 535 442 594 in
457 536 609 596 cacumine
622 535 722 596 Tmoli
736 551 826 611 snpra
839 535 982 610 lloadagh
995 535 1023 594 in
1037 535 1135 612 Lydia
1148 532 1250 619 (Bniss
1264 539 1271 595 l
1285 537 1351 597 Bal.
1366 558 1430 600 exs.
1445 537 1510 601 tls
1522 539 1552 618 t),

310 669 317 684 .
335 631 398 686 aest.

317 725 609 796 recrescentem,
629 724 702 784 lolia
721 719 785 808 ΡΙ,
804 725 912 784 lineam
930 731 1044 786 tantum
1063 728 1163 802 longa.
1180 728 1289 789 Dillort
1306 731 1345 788 ab
1366 730 1402 790 Α.
1424 733 1553 792 omnen-

270 819 337 878 sctrt
355 815 456 878 Siculi
472 810 555 901 (qum
570 816 673 876 formis
686 815 721 874 A.
735 832 865 876 recurvo
882 833 1000 892 quoque
1016 817 1251 905 adnumeranda)
1271 819 1351 879 loliis
1369 821 1550 882 brevissimis

272 907 450 984 regulariter
467 915 498 966 et
515 906 729 984 quadrifariam
753 906 936 983 imbricatis,
954 905 1066 982 sepelis
1086 909 1321 987 angustioribus,
1342 911 1446 970 nervis
1464 931 1553 988 mqua-

271 997 349 1058 libnr
365 1013 422 1058 nec
437 997 531 1056 tribus
545 995 750 1058 validioribus.

721 1206 787 1296 §ll
814 1207 1106 1294 Tryphaneae.

314 1397 362 1464 A.
386 1413 529 1465 verna
549 1395 598 1483 (L.
621 1395 719 1462 liant.
741 1415 773 1484 p.
796 1393 839 1460 la
863 1394 924 1461 sub
943 1395 1119 1484 Aremorici)
1140 1395 1300 1482 cespitosa
1320 1397 1551 1480 ramosissima,

270 1484 382 1570 glabra
402 1486 449 1551 vel
470 1486 541 1572 plus
561 1483 669 1550 minus
689 1483 997 1570 glandulosobirta,
1018 1483 1102 1551 loliis
1121 1483 1418 1552 lineari-subsistis
1440 1489 1552 1554 imner-

270 1572 329 1640 viis
349 1573 513 1640 bisulcatis
537 1572 767 1640 obtusiusculis
787 1571 923 1654 strictis,
950 1571 1049 1639 ramis
1074 1571 1224 1640 llorileris
1252 1574 1484 1663 corymbiferis
1503 1598 1549 1642 ra-

270 1661 338 1728 rius
358 1659 520 1746 unilloris,
540 1659 705 1750 pedicellis
718 1661 925 1750 capillaribns
937 1663 1042 1750 calyce
1055 1659 1271 1748 longioribus,
1292 1663 1413 1750 sepelis
1425 1665 1549 1732 lanceo

268 1749 341 1816 latis
360 1749 553 1817 acuminatis
572 1749 749 1833 trinerviis,
771 1749 884 1838 petalis
903 1749 973 1816 basi
986 1751 1126 1818 breviter
1139 1759 1170 1816 et
1181 1748 1318 1838 abrupte
1331 1752 1547 1838 unguiculalis

268 1837 370 1905 ovatis
398 1837 628 1906 obtusiusculis
659 1839 798 1928 calycem
829 1837 1096 1926 subaeqnantibus
1126 1840 1173 1905 vel
1205 1841 1302 1926 paulo
1333 1840 1546 1926 longioribus,

269 1926 447 1994 seminibus
468 1927 592 1994 minute
611 1925 821 1994 tuberculatis
841 1927 889 1993 vel
902 1925 1060 1994 collimatis
1080 1939 1127 2004 tt.
1143 1927 1245 1994 Rohb.
1259 1927 1315 2014 sig.
1331 1927 1432 1996 aare.
1448 1931 1542 1998 Aren.

267 2017 420 2104 cespitosa
437 2015 536 2083 Ehrh.
558 2015 659 2083 Aren.
682 2015 822 2084 Gercrdi
842 2013 950 2083 Willd.

312 2110 389 2170 Hab.
408 2111 439 2168 in
456 2111 603 2171 montanis
620 2115 650 2170 et
666 2111 774 2186 alpinis
792 2108 957 2169 Thessaliae
983 2110 1013 2168 in
1031 2107 1160 2186 Olympo
1178 2108 1339 2191 (Helori),
1366 2111 1545 2173 Macedonia

267 2199 418 2261 inScardo
439 2199 605 2278 (Griscbl)
623 2207 652 2259 ct
669 2199 765 2260 Athos
782 2189 920 2282 (Grisebl
942 2190 1070 2278 Orph!),
1093 2199 1220 2260 Caucasi
1236 2201 1265 2258 in
1281 2202 1351 2275 alpe
1368 2202 1543 2278 Tufandagl

266 2285 464 2370 (O.A.blepl).
1259 2320 1273 2337 ·

312 2379 415 2438 Variat
437 2380 559 2439 multum
581 2379 770 2456 indumento,
794 2395 832 2436 ex
849 2379 979 2439 statione
997 2379 1063 2454 plus
1091 2379 1186 2438 minus
1202 2380 1284 2440 elati
1300 2382 1486 2456 compactior
1502 2400 1541 2441 ra-

267 2469 322 2527 mis
339 2469 522 2530 abbreviatis
540 2468 730 2529 subunilloris
748 2469 796 2528 vel
813 2469 909 2528 laxior
927 2467 1017 2528 ramis
1035 2469 1193 2544 elongatis.

310 2568 345 2650 β.
366 2566 574 2654 constipetulc.
598 2565 699 2654 Major
718 2565 832 2647 laxior,
853 2564 928 2632 lolia
947 2563 1093 2632 acutiora
1111 2585 1195 2654 saepe
1215 2565 1422 2649 abbreviata,
1444 2568 1540 2635 anilla

266 2655 379 2722 crebre
399 2653 635 2736 fasciculilerae,
656 2653 738 2721 rami
758 2652 947 2741 paniculati,
969 2653 1072 2741 petala
1090 2653 1425 2740 oblongo-lanceolata
1437 2665 1538 2722 acum.

264 2743 305 2810 A.
327 2743 436 2812 Attico
455 2741 555 2810 Boiss.
579 2753 610 2809 et
629 2741 747 2831 Sprun.
770 2741 884 2829 Diagn.
906 2741 975 2808 Ser.
999 2741 1024 2823 l,
1045 2742 1083 2824 ll,
1104 2763 1135 2830 p.
1158 2741 1212 2809 84.

309 2851 385 2910 Hab.
405 2851 434 2909 in
451 2851 566 2910 saxosis
581 2851 712 2926 regionis
730 2849 836 2926 alpinae
852 2857 881 2908 et
900 2853 1045 2909 montanae
1064 2867 1142 2926 sepe
1164 2843 1316 2911 calidioris
1334 2851 1475 2928 Graecias,
1493 2855 1540 2912 at-

170 2927 173 2932 ’
264 2940 324 3000 tica
342 2941 371 3000 in
389 2941 538 3000 montibus
556 2939 712 3016 Hymetto,
740 2941 851 3001 Parnes
877 2944 906 2999 et
930 2937 1083 3000 Pentelioo
1110 2935 1244 3018 (Sprunl
1271 2941 1375 3001 Boiss!
1404 2941 1540 3021 Heldr!),

263 3029 428 3091 Parnassus
444 3027 595 3110 (Helori),
614 3028 753 3090 Laconia
769 3030 799 3088 in
816 3028 932 3088 Malevo
950 3034 980 3088 ct
994 3027 1133 3106 Taygeto
1152 3023 1272 3115 (Orphl
1290 3029 1422 3106 Helori.)
1432 3079 1441 3110 ,
1461 3049 1541 3092 mons

263 3117 374 3180 Olenos
391 3117 541 3199 (Heldrl),
562 3119 651 3179 Orela
668 3119 698 3178 in
714 3120 863 3181 montibus
880 3117 1077 3195 Sphaciotiois
1094 3111 1246 3206 (Heldrl).
1266 3119 1313 3180 m.
1331 3139 1413 3181 vere.

306 3209 410 3270 Petala
426 3208 571 3270 interdum
587 3209 760 3269 acubrsima
774 3209 829 3270 sed
846 3207 949 3268 formis
965 3207 1148 3269 intermediis
1174 3207 1315 3289 (Siculis,
1337 3208 1454 3272 Graecis
1472 3229 1540 3272 non·

260 3299 362 3379 nullis)
379 3297 420 3358 ad
438 3303 541 3375 typum
558 3297 722 3359 redeuntia.

304 3387 360 3452 Ar.
384 3393 507 3465 eeacgr.
531 3387 662 3464 Europa,
681 3386 784 3448 Africa
802 3387 942 3464 borealis,
961 3387 1036 3447 Asia
1052 3387 1193 3448 borealis.

302 3623 349 3690 Α.
362 3575 694 3692 umbellulilera
713 3615 827 3704 (Boiss.
851 3627 882 3684 et
901 3617 966 3684 Bal.
989 3615 1102 3704 lliagn.
1126 3616 1194 3684 Ser.
1217 3618 1259 3701 ll,
1280 3618 1317 3700 V,
1338 3639 1370 3706 p.
1393 3617 1452 3709 iil)
1472 3641 1539 3689 ces·

258 3712 362 3799 pitosa
373 3707 607 3789 ramosissima,
630 3705 714 3772 loliis
726 3704 846 3793 glabris
859 3705 1000 3773 tenuiter
1011 3705 1169 3774 subulatis
1182 3706 1414 3776 obtusiusoulis
1426 3708 1539 3777 obtuse

257 3795 600 3867 carinato-uninerviis
626 3815 719 3863 secus
740 3814 847 3862 ramos
867 3794 993 3862 steriles
1012 3794 1127 3862 breves
1146 3806 1234 3862 arcte
1261 3795 1427 3884 adpressis
1447 3818 1540 3866 secus

258 3909 365 3956 ramos
384 3885 545 3952 llorilcros
569 3881 768 3950 brevissimis
795 3883 949 3966 remotis,
978 3883 1078 3950 ramis
1104 3883 1304 3970 simplicibus
1330 3883 1538 3953 fililormibus

256 3974 457 4043 umbellatim
477 3971 532 4040 35
552 3971 662 4054 floris,
682 3969 846 4059 pedicellis
865 3971 1064 4058 glandulosis
1084 3973 1226 4060 calycem
1245 3972 1468 4061 aequantibus,
1490 3996 1538 4042 se·
1607 4011 1608 4018 κ

255 4065 336 4154 palis
354 4061 554 4152 glandulosis
572 4057 828 4146 ovato-oblongis
848 4060 951 4128 aeuus
970 4059 1119 4127 clevatim
1138 4059 1315 4144 trinerviiS,
1335 4061 1452 4149 petalis
1465 4064 1538 4132 obo
1607 4065 1608 4088 ¹

254 4149 492 4239 vato-oblongis
512 4149 580 4217 basi
601 4147 721 4216 sensim
741 4147 920 4234 angustatis
940 4149 1049 4237 calyce
1061 4149 1160 4236 duplo
1172 4149 1390 4236 longioribus,
1405 4153 1537 4239 capsula

254 4244 360 4332 calyce
379 4237 600 4326 sublongiore,
623 4236 802 4304 serninibus
823 4236 1011 4304 tenuissime
1031 4236 1240 4306 tuberculalis
1268 4249 1315 4315 tl.

297 4350 376 4410 Hab.
395 4351 426 4408 in
442 4347 566 4424 regione
583 4347 682 4422 alpini
698 4345 793 4407 Tauri
809 4342 923 4406 cilicini
942 4361 1032 4421 supra
1048 4344 1308 4420 Bnlgharmaatlen
1328 4345 1394 4425 (Bal
1404 4347 1436 4426 l).

161 4500 164 4510 ,
294 4441 382 4501 Folia
397 4439 432 4500 Α.
450 4443 569 4498 aetaccoe
586 4435 640 4495 sed
655 4434 751 4510 magis
770 4435 884 4512 stricta,
902 4436 976 4495 rami
990 4435 1113 4495 floriferi
1130 4432 1188 4496 4-5
1206 4437 1377 4513 pollicares,
1396 4437 1487 4512 calyx
1498 4455 1532 4496 eo

251 4532 286 4592 A.
303 4547 398 4592 vernn
414 4529 536 4590 brevior
553 4532 582 4584 et
598 4525 744 4586 obtusior.
763 4523 811 4586 Ab
829 4525 865 4585 ei
882 4525 1101 4586 inflorescentia
1113 4526 1333 4605 umbelliiormi,
1348 4527 1428 4586 foliis
1445 4527 1530 4586 subn-

252 4623 320 4680 latis
339 4617 512 4686 unincrvils,
530 4613 638 4690 petalis
657 4609 843 4691 longioribus
861 4614 963 4675 lormm
979 4614 1105 4674 diversae
1124 4613 1273 4676 oisonem.
