3230 5190
315 833 441 910 ORD.
466 833 637 908 xxxll.
668 831 1060 910 SAPINDACEAE.

348 1007 478 1080 Beuth.
503 1017 539 1078 et
561 1006 681 1080 flook.
705 1005 798 1081 Gen.
825 1005 862 1092 l,
890 1033 925 1102 p.
940 1001 1037 1077 589.

90 1249 208 1321 Floras
227 1257 393 1342 regulares
412 1257 459 1323 vel
479 1256 688 1345 irregulares,
710 1256 993 1347 polygamooioici
1013 1257 1061 1322 vel
1082 1251 1188 1321 rarius
1207 1251 1335 1320 herma·

44 1340 210 1428 phroditi.
243 1342 355 1432 Sepala
385 1343 554 1413 imbricata
572 1345 650 1412 ll·5
680 1346 787 1414 rarius
805 1347 917 1433 plura,
943 1343 1046 1412 libera
1070 1343 1117 1410 uel
1138 1342 1208 1429 plus
1228 1341 1336 1408 minus

45 1439 206 1528 connata,
227 1453 312 1586 sape
332 1431 515 1522 inaequalia.
537 1434 644 1502 Petala
662 1433 683 1501 0
702 1435 750 1501 vel
771 1432 845 1503 3-5
864 1433 970 1500 rarius
991 1433 1103 1521 plura,
1130 1429 1268 1516 aequalia
1287 1430 1334 1496 vel

46 1519 240 1606 inaequalia.
290 1521 375 1588 iscus
395 1523 574 1610 completus
592 1524 642 1589 vel
660 1522 872 1590 unilateralis.
895 1520 1038 1588 Stamina
1056 1518 1077 1587 8
1097 1517 1203 1584 rarius
1222 1516 1335 1599 5-t0‚

45 1605 227 1695 hypogpna
246 1607 332 1676 intra
350 1610 398 1676 vel
418 1630 516 1698 supra
535 1610 660 1678 discum
678 1609 812 1678 inserta.
835 1609 985 1678 Ovan'um
1006 1607 1147 1675 centrale
1160 1606 1210 1672 vel
1222 1626 1336 1672 excen-

50 1692 173 1761 tricum
194 1693 356 1782 integrum
375 1699 425 1764 vel
444 1697 611 1785 partitum,
631 1697 652 1766 3
671 1699 778 1766 rarius
797 1697 857 1765 l-ll
875 1699 1016 1766 locularo
1034 1695 1149 1764 loculis
1169 1693 1239 1760 lc
1259 1715 1338 1760 ovu-

48 1781 137 1850 latis.
159 1782 261 1851 Ovula
280 1784 483 1874 amphitropa
501 1786 549 1853 vel
569 1797 745 1875 anatropa,
773 1787 873 1875 rapha
892 1784 1063 1867 ventralis,
1091 1782 1268 1872 micropyle
1288 1781 1339 1849 in-

50 1869 130 1937 lera.
154 1869 191 1938 St
215 1872 265 1939 lus
284 1873 401 1961 saepius
421 1873 537 1941 unicus
556 1873 690 1962 simplex
710 1876 759 1942 vel
778 1875 971 1943 declinatus.
993 1873 1130 1940 Fructus
1145 1869 1337 1958 capsularis‚

50 1958 99 2025 vel
119 1893 329 2028 indeiriscens
348 1962 398 2028 vel
418 1963 554 2029 samaris
574 1960 629 2030 23
641 1973 801 2030 constans.
825 1963 954 2031 Semina
966 1961 1084 2050 saepius
1098 1958 1339 2027 exalbuminosa

51 2046 181 2114 arillata
201 2048 249 2114 vel
270 2049 369 2130 nuda,
392 2049 538 2117 radicula
556 2049 671 2117 infera.

370 2329 426 2395 Tn.
450 2329 474 2396 l.
501 2327 717 2396 SAPlNDEAE.
745 2329 846 2397 Renth
867 2341 899 2395 et
918 2330 1022 2398 Hook.

98 2525 212 2593 Flores
231 2525 282 2610 (in
302 2525 444 2614 nostris)
465 2527 674 2614 irregulares.
697 2525 809 2595 Discus
848 2527 881 2594 in
902 2527 1040 2615 nostris)
1069 2523 1270 2592 unilateralis
1291 2525 1338 2590 vel

49 2612 218 2702 obliquus.
240 2613 384 2681 Stamina
403 2615 441 2681 ad
469 2614 693 2683 basin-orarii
717 2614 802 2683 intra
828 2527 953 2684 iiscum
977 2616 1099 2682 inserta
1124 2611 1174 2679 vel
1199 2612 1337 2678 unilate-

51 2700 142 2768 ralia.
168 2701 307 2770 Fructus
328 2702 377 2790 (in
396 2703 531 2791 nostris)
552 2702 744 2791 capsularis.
766 2701 897 2771 Semina
916 2701 1173 2772 exalbuminosa.

384 2939 712 3018 olnolosrlltlwll
738 2940 786 3034 (l.
814 2941 888 3018 Gon.
913 2941 1012 3038 498).

104 3119 219 3188 l'lores
249 3120 569 3210 polygamo·dioici.
591 3119 704 3210 Sepala
722 3121 745 3189 l
763 3141 921 3204 concava,
954 3120 1019 3188 duo
1044 3119 1205 3188 exteriora
1225 3139 1335 3208 parva.

57 3205 160 3276 Patala
180 3209 203 3275 l
222 3229 280 3296 per
299 3209 391 3297 paria
409 3209 584 3298 disposita,
605 3211 670 3278 duo
689 3210 814 3300 maiora
834 3212 970 3298 squama
989 3212 1106 3295 magna
1125 3208 1191 3276 duo
1211 3207 1339 3276 minora

57 3299 226 3382 squamult
245 3297 376 3366 cristata
395 3310 501 3366 aucta.
523 3297 636 3366 Discus
655 3297 855 3366 unilateralis
875 3298 908 3364 in
922 3297 943 3364 ἓ
955 3296 1122 3384 glandulas
1135 3295 1249 3384 petalis
1261 3295 1340 3364 insa

59 3382 199 3453 rioribus
219 3385 382 3474 oppositas
406 3386 550 3454 inflatus.
573 3385 715 3454 Stamina
734 3384 755 3454 8
775 3385 971 3468 excentrica,
990 3383 1155 3451 filamenta
1167 3383 1340 3472 inaequalia

59 3469 171 3540 libera.
205 3473 356 3541 Ouarium
379 3474 583 3558 triloculare‚
616 3476 713 3565 stylus
732 3473 875 3556 trifidus,
906 3474 1000 3540 ouula
1018 3471 1172 3539 solitaria.
1206 3471 1341 3562 Capsula

61 3560 308 3629 membranacea
326 3563 454 3645 trigona
471 3562 641 3632 loculicide
660 3561 841 3630 dehiscens.
869 3560 1000 3629 Semina
1024 3560 1155 3647 globosa
1175 3570 1341 3628 crustacea

63 3647 177 3735 sapius
197 3649 334 3734 anillam,
355 3651 560 3740 cotyledones
580 3661 761 3718 transverse
780 3649 1026 3738 conduplicata.
1040 3687 1085 3697 —
1104 3647 1221 3716 Herbae
1240 3647 1341 3715 inter-

60 3731 135 3886 gum
153 3737 418 3892 suffruttescentes
438 3739 646 3822 scandentes,
665 3738 742 3806 lolia
761 3737 887 3806 alterna
905 3736 1094 3832 exstipulata
1113 3735 1274 3804 biternata
1292 3737 1342 3804 vel

83 3841 244 3914 ecomposr
259 3846 288 3893 a.

104 3987 145 4058 0.
165 3990 474 4061 halicacabum
494 3988 544 4079 (L.
567 3987 620 4078 Sp.
642 3986 722 4079 925)
749 3987 876 4078 petiolis
903 3987 1025 4076 glabris
1049 3987 1097 4055 vel
1117 3986 1230 4070 hirtis,
1256 3987 1343 4055 loliis

63 4073 179 4158 glabris
198 4077 380 4163 biternatis‚
401 4077 518 4146 foliolis
537 4076 684 4163 oblongis
704 4076 896 4145 acuminatis
915 4095 1027 4164 grosse
1047 4075 1151 4143 inciso
1163 4113 1178 4125 ·
1190 4075 1341 4158 dentatis,

64 4166 197 4234 racemis
216 4168 310 4254 longe
329 4165 566 4256 pedunculatis,
587 4166 719 4254 capsula
736 4167 800 4233 late
818 4163 988 4255 pyrilormi
1011 4171 1062 4244 Θ.

107 4271 182 4335 Hab.
200 4275 229 4334 in
250 4276 398 4337 umbrosis
415 4275 501 4351 regni
517 4272 650 4335 Meroeto
667 4290 763 4350 prope
779 4273 874 4333 Zekkl
891 4269 996 4355 (Auch.
1022 4289 1085 4332 ans.
1103 4265 1189 4332 llll
1204 4265 1241 4354 1).

106 4371 211 4433 Planta
226 4375 399 4451 subtropica
416 4379 445 4435 et
462 4373 581 4449 tropica
596 4373 648 4432 le
666 4377 776 4433 nostra
794 4371 930 4433 ditionis.

109 4467 165 4532 Ar.
188 4471 312 4551 (leogr.
337 4473 432 4552 lodic,
448 4472 549 4534 Africa
567 4477 597 4533 ot
612 4471 752 4533 Amorion
767 4470 948 4548 subtrepioso
965 4476 995 4531 ot
1011 4470 1143 4546 tropleae.

1171 4601 1206 4659 60
