3134 5174
611 359 675 426 1⁶25

64 601 106 666 E
125 597 454 685 grandissorum
483 597 610 680 (Bentb.
642 595 740 663 Catal.
770 596 842 685 Pyr.
864 617 896 683 p.
920 597 976 684 at)
998 596 1149 663 caulibus
1169 618 1281 664 ascen-

35 686 162 756 dentibus
183 687 229 752 vel
253 685 391 767 crectis,
417 685 533 773 sepelis
552 684 752 770 longiuscule
779 684 972 751 acuminatis
1002 685 1148 772 integris,
1170 687 1283 773 petalis

36 773 206 842 annutiacis
227 773 438 840 interioribus
468 773 650 839 minoribus
682 772 848 860 tripartitis
878 772 995 840 lacinia
1014 774 1207 840 intermedia
1227 775 1284 842 sti-

36 864 111 952 pitatd
127 861 374 929 cocbaariiormi
394 861 587 930 subcordata
607 865 715 928 retusa
734 862 840 928 ciliata
852 861 1038 928 lateralibus
1051 861 1204 945 breviori,
1226 885 1283 930 an-

36 952 112 1018 tberis
133 951 291 1036 elongatis
316 951 517 1034 linearibus,
542 949 668 1038 siliquis
695 951 811 1018 erectis
836 949 992 1032 arcuatis,
1007 950 1285 1036 longitudinaliter
1324 1009 1325 1014 ,

37 1040 130 1108 striatis
147 1039 344 1128 compressis
365 1039 516 1108 torulosis
536 1037 681 1105 articulis
700 1038 749 1104 vix
762 1037 987 1106 secedentibus
1009 1047 1060 1119 Θ.

66 1145 128 1204 llab.
152 1145 182 1203 in
201 1143 329 1204 collibus
347 1145 435 1205 siccis
448 1142 571 1204 Grsaeiae
588 1143 731 1204 inAttioa
748 1149 777 1202 at
801 1142 946 1218 Argolide
970 1142 1127 1220 (Sprunl),
1150 1145 1286 1220 Byzantii

38 1223 111 1318 (noel
126 1236 147 1314 ),
163 1234 306 1294 Anatolii
334 1233 438 1317 (duob.
458 1251 521 1293 aas.
538 1229 649 1307 5871),
668 1234 707 1292 ad
723 1232 880 1308 Smyrnam
905 1232 973 1311 (Bal
985 1231 992 1294 !
1004 1231 1029 1315 l,
1049 1233 1086 1290 in'
1097 1235 1287 1310 Cappadocia

37 1325 190 1402 (KySappl.
215 1319 331 1408 2753),
358 1323 446 1398 Syria
466 1325 505 1383 ad
531 1323 648 1398 Aleppo
669 1319 729 1405 (Ky
756 1323 796 1398 pl.
822 1320 911 1386 1855
932 1341 994 1383 aas.
1017 1319 1054 1384 5!
1083 1323 1240 1384 Hansskn!
1256 1327 1286 1403 ),

37 1415 223 1475 blutilibano
243 1413 375 1494 (Gaittt),
393 1414 430 1472 ad
443 1413 582 1473 Sidonem
597 1412 643 1492 (Bl
655 1407 691 1495 !),
709 1413 739 1472 in
756 1411 907 1473 Palestinfi
924 1409 1015 1496 (Roth
1029 1410 1062 1492 l),
1074 1412 1173 1490 Cypro
1184 1413 1285 1494 (idyl),

38 1505 56 1562 in
69 1523 140 1578 prov.
159 1504 429 1564 Transeaneasicis
448 1499 588 1582 (Szowl).
606 1501 652 1560 m.
671 1519 754 1562 vere.

65 1617 147 1678 Valde
164 1617 252 1676 affine
271 1617 452 1693 praeeadenti
471 1617 569 1676 didcrt
587 1615 671 1676 caule
689 1616 903 1688 erectinsculo,
921 1616 1001 1676 foliis
1026 1617 1120 1694 magis
1149 1619 1287 1680 dissectis

38 1709 124 1767 laciniis
138 1708 336 1782 longioribus,
353 1707 477 1766 floribus
497 1706 660 1782 majoribus
679 1705 823 1765 intensius
851 1707 1008 1784 coloratis,
1029 1707 1162 1766 antlreris
1187 1703 1289 1791 ΡΗ

39 1797 122 1858 nillin.
138 1795 226 1857 nael
249 1797 321 1856 mill.
339 1797 447 1872 longis,
467 1797 581 1871 siliquis
601 1796 650 1854 vix
673 1795 702 1852 in
719 1795 862 1856 articulos
880 1797 1098 1858 secedentibus.
1118 1797 1288 1859 Filamenta

39 1896 58 1945 rt
70 1889 93 1945 in
105 1887 280 1962 precedenti
293 1904 412 1961 semper
428 1905 446 1945 a
463 1885 528 1946 basi
545 1885 656 1966 sensim
673 1890 831 1959 angustata
849 1890 879 1944 ct
897 1885 1066 1946 lanceolata
1078 1887 1149 1947 vidi.

67 1985 113 2047 dr.
127 1984 251 2064 Geogr.
269 1987 428 2063 Hispania,
448 1983 547 2045 Gallia
564 1984 717 2044 coenatis.

69 2223 107 2290 s.
126 2205 461 2310 moerorisne.
485 2219 531 2286 n.
553 2219 656 2286 sraec.
678 2218 744 2285 aas.
766 2215 846 2306 rao)
866 2217 1013 2285 cautinus
1031 2221 1286 2291 ascendentibus

40 2311 72 2376 rel
86 2311 254 2398 prostratis,
277 2310 394 2398 sepelis
407 2307 559 2389 dentatis,
573 2307 686 2394 petalis
705 2306 796 2373 liaris
808 2305 1019 2374 interioribus
1031 2309 1214 2378 minoribus
1229 2313 1286 2378 tri·

40 2398 135 2485 partitis
151 2397 218 2465 basi
239 2397 392 2465 violaceis
422 2396 541 2463 lacinia
559 2393 752 2462 intermedia
783 2392 927 2482 stipitatd
952 2395 1174 2483 cymbalormi
1199 2421 1286 2467 mar-

41 2485 94 2571 gine
109 2487 239 2572 integra,
263 2485 390 2574 siliquis
403 2484 520 2552 erectis
531 2481 732 2551 tenuissimis
744 2482 884 2549 arcuatis
904 2483 1181 2569 longitudinaliter
1193 2489 1287 2555 stria-

43 2573 127 2654 tisO.
146 2573 187 2640 H.
207 2582 326 2662 pateras
344 2573 455 2642 Willd.
478 2573 569 2640 Hort.
590 2571 694 2638 Berol.
719 2571 784 2638 tab.
808 2570 840 2636 5.

73 2681 177 2741 Habin
200 2681 339 2741 arenosis
356 2681 513 2740 maritimis
530 2678 656 2753 AEgypti
674 2677 713 2736 ad
736 2675 947 2737 Alexandriam
966 2675 1086 2754 (Forsk.
1105 2679 1171 2740 Del.
1190 2682 1285 2742 Anah.

44 2788 89 2830 en.
103 2767 177 2834 585!
195 2762 379 2854 Samaritt),
396 2771 435 2828 ad
452 2767 590 2828 Aboukir
607 2765 774 2846 (Kralikl),
794 2765 886 2842 Cypri
907 2763 1047 2844 (sium),
1063 2769 1230 2831 Palaestina
1248 2773 1287 2832 ad

44 2857 102 2918 aaa
116 2859 256 2938 (Boissl).
277 2859 325 2919 ΡΙ.
341 2875 422 2918 vare.

74 2963 191 3024 Diderta
212 2963 454 3040 praesulantibus
479 2961 595 3020 laciniis
625 2960 821 3032 abbreviatis¹
836 2957 991 3037 foliorum
1016 2963 1181 3035 petalorum
1199 2965 1287 3026 inter.

45 3049 114 3112 torni
135 3060 161 3114 et
185 3055 355 3129 prasertim
379 3051 488 3126 siliqua
506 3056 538 3109 ut
566 3050 595 3108 in
612 3049 649 3108 H.
671 3046 787 3111 Geatini
814 3048 987 3108 tenuissima
1014 3051 1052 3108 ad
1078 3053 1220 3113 articulos
1239 3055 1289 3112 vix

46 3141 183 3204 tremata.
201 3142 247 3202 Ol.
269 3141 372 3201 Willd.
393 3141 493 3216 petala
504 3141 589 3198 inter.
610 3141 750 3213 bipartita
767 3156 823 3198 neo
840 3137 989 3213 tripartita
1008 3139 1128 3200 exhibet
1146 3143 1226 3217 quod
1243 3163 1289 3202 er·

46 3231 87 3288 rori
101 3250 114 3288 e
127 3234 193 3293 flore
211 3249 322 3292 maneo
347 3237 412 3290 orto
441 3233 520 3289 certe
545 3227 742 3288 tribuendum.
765 3261 802 3272 -
823 3227 861 3285 H.
887 3228 1016 3288 litterate
1033 3228 1123 3290 Wuli.
1142 3231 1227 3308 Jacq.
1247 3233 1288 3294 Ic.

46 3323 149 3382 ralab.
164 3318 230 3385 509
247 3321 359 3397 petalis
377 3320 513 3379 omnibns
536 3317 672 3376 indivisis
697 3318 838 3377 donatum
866 3321 897 3375 et
919 3317 949 3374 in
980 3316 1097 3379 Gracia
1126 3321 1290 3382 indicatum

48 3424 160 3485 nmquam
180 3411 253 3471 vidi.

239 3659 259 3696 ὓ
283 3657 302 3694 ⁴*
327 3658 433 3718 Petale
449 3657 598 3716 exteriora
614 3653 904 3730 elliplico·rbombea
918 3656 1043 3730 integra.

79 3839 379 3928 repensurum
399 3836 447 3922 (L.
470 3835 522 3924 Sp.
557 3834 642 3922 181)
671 3835 816 3902 caulibus
841 3836 973 3918 erectis,
994 3837 1121 3906 laciniis
1140 3839 1292 3909 loliorum

53 3925 299 4010 inauri-setaceis,
319 3925 433 4015 petalis
446 3923 535 3991 ssavis
552 3921 765 3990 interioribus
784 3923 1031 3992 subminoribus
1058 3926 1228 4014 tripartitis
1250 3931 1294 3997 la-

54 4013 112 4082 cinia
131 4015 320 4083 intermedia
353 4013 503 4102 petiolala
533 4011 772 4079 suborbiculari
796 4011 919 4094 ciliatd,
946 4012 1072 4100 siliquis
1092 4015 1294 4085 rectiuseulis
1322 4011 1330 4034 '

55 4101 167 4172 abactis
189 4099 553 4190 lusilormi·cylindricis
584 4099 727 4166 obsoleto
758 4097 813 4165 Μ
844 4099 974 4168 costatis
1006 4112 1123 4189 praeter
1151 4115 1294 4175 rostrum

55 4189 152 4258 andem
168 4193 342 4260 deciduum
361 4189 412 4255 vix
431 4189 479 4255 vel
499 4207 572 4254 sero
588 4187 622 4252 in
642 4187 794 4254 articulos
814 4188 1038 4255 secedentibus
1053 4198 1104 4270 Θ.
1121 4189 1165 4258 lc.
1183 4191 1293 4261 Lobal.

56 4273 100 4343 ill
114 4279 160 4368 fig.
180 4279 212 4347 b.
232 4277 277 4347 Η.
301 4275 513 4346 Coocaaicant
530 4275 558 4341 t.
582 4275 669 4342 Koch
687 4274 722 4340 in
741 4275 858 4342 Ledeb.
881 4275 928 4343 n.
951 4275 1043 4344 Ross.
1066 4277 1093 4362 l,
1115 4299 1145 4366 p.
1168 4279 1223 4347 at.

86 4385 205 4446 liubin
235 4387 323 4447 cultis
347 4383 471 4444 Gracia
492 4383 530 4442 ad
557 4381 679 4441 Eleusin
708 4377 871 4466 (Heldrl),
897 4383 978 4444 Asia
996 4387 1118 4446 minoris
1145 4388 1175 4448 iu
1196 4387 1297 4464 Lydia

58 4461 193 4554 licurgi),
215 4475 303 4536 (laria
326 4473 433 4554 (Boise
446 4471 492 4548 l),
515 4469 603 4547 Syria
628 4469 667 4528 ad
688 4469 807 4548 Alcppo
828 4475 857 4531 et
879 4471 1060 4534 Damascum
1085 4468 1177 4561 (Kyl
1201 4475 1297 4538 Gailll

57 4557 215 4644 Hauuknl),
232 4565 346 4625 Arabia
362 4563 474 4638 petrea
498 4558 652 4638 (Schimpl
676 4559 815 4638 Boiam),
839 4559 952 4621 Tauria
969 4568 999 4622 et
1016 4579 1101 4639 prov.
1127 4563 1299 4628 Caucasicis
