3150 5174
883 327 948 396 226

271 556 300 616 d·
316 467 423 526 Affinis
444 485 507 526 var.
525 464 558 547 β.
587 469 783 542 praecedentis
800 470 855 530 sed
874 470 945 530 folia
962 471 1081 546 latiora,
1102 469 1245 530 inferiora
1262 472 1377 548 integra
1395 477 1426 530 et
1441 472 1538 547 stigma

292 573 431 616 tramam.

259 775 264 791 '
313 793 366 859 as.
386 793 598 878 brevapes
619 791 709 876 (nar.
733 801 764 858 u
785 791 852 858 uir.
877 791 992 859 snum.
1016 793 1112 881 song.
1136 793 1249 862 n⁰l06
1269 796 1330 863 sun
1350 795 1537 883 seyme)

268 891 388 967 praeter
407 880 489 968 pilos
508 899 639 968 sparsos
659 879 803 947 bifurcos
824 879 949 965 glabra,
982 881 1066 950 loliis
1092 883 1241 968 oblongis
1266 906 1379 968 grosse
1404 885 1537 952 sinuato·

268 967 420 1050 dentatis,
442 967 578 1036 lloribus
596 968 741 1035 minimis
761 967 1003 1054 subsessilibus‚
1046 971 1138 1038 etalis
1158 972 1239 1038 albis
1258 971 1452 1055 linearibus,
1478 973 1536 1040 sili·

268 1055 341 1145 quis
354 1055 509 1124 contortis
523 1067 702 1124 retrorsum
719 1065 750 1122 et
762 1056 900 1145 sparsim
915 991 1101 1126 aculeolatis
1114 1060 1162 1126 vel
1176 1061 1310 1148 glabris,
1331 1061 1479 1148 stigmate
1491 1083 1536 1128 eo-

266 1145 341 1212 nico
362 1144 562 1212 acutiuscula
585 1153 635 1224 Θ.
659 1145 884 1212 Doatoatemon
904 1145 1044 1234 breuipes
1063 1147 1174 1235 Bonge
1194 1149 1227 1214 in
1247 1149 1360 1216 Lchm.
1384 1170 1417 1237 p.
1438 1149 1509 1216 ⁶203.
1544 1219 1562 1250 ‘

310 1251 387 1310 Hab.
417 1251 447 1310 in
464 1251 598 1309 arenosis
615 1249 725 1310 Parsia
748 1250 900 1310 orientalis
923 1247 1092 1330 (Bangel),
1110 1251 1318 1314 ankastaniae
1336 1255 1376 1314 ad
1404 1255 1534 1314 Bnebsrs

265 1339 411 1418 (Lehml),
431 1339 598 1415 Affglianiae
616 1339 711 1400 occid.
733 1338 848 1418 (Bunge
861 1337 894 1419 l).

310 1441 415 1500 Affinis
432 1439 462 1502 S.
485 1441 614 1501 loculoso
633 1458 696 1499 var.
714 1435 738 1520 β
758 1440 811 1498 sed
829 1437 901 1498 folia
921 1440 1029 1500 latiora
1047 1446 1077 1499 et
1103 1443 1212 1519 stigma
1235 1451 1356 1503 sontum
1381 1461 1437 1504 neo
1464 1445 1534 1504 obla·

262 1549 326 1592 snm
345 1535 485 1590 retusum.
504 1529 673 1591 Filamanta
690 1529 807 1606 majora
822 1529 852 1588 in
869 1527 925 1590 bic
943 1536 973 1590 at
989 1531 1170 1606 precedenti
1189 1534 1289 1607 speeie
1305 1550 1362 1608 per
1381 1533 1465 1607 paria
1479 1534 1535 1594 snb

265 1621 416 1682 oohaerant
433 1621 486 1680 sod
504 1619 624 1679 habitus
643 1625 672 1678 et
689 1619 837 1695 stigmatis
856 1617 950 1678 forma
967 1637 985 1678 a
1002 1619 1226 1682 Doatostemooa
1242 1623 1331 1681 alieni
1351 1627 1432 1682 sunt.

306 1720 364 1782 Ar.
387 1721 511 1800 Gaogr.
535 1722 692 1798 Songaria.

305 1986 358 2052 Μ.
379 1985 628 2055 aculeolaaa
648 1985 763 2073 (Boiss.
780 1986 863 2051 Ano.
878 1983 928 2052 Sc.
945 1984 1016 2052 Nat.
1039 1981 1127 2050 ttae
1148 2006 1179 2072 p.
1201 1982 1243 2050 75
1263 1982 1325 2051 sub
1344 1981 1533 2071 Sispmtrio)

261 2073 387 2162 glabra,
420 2075 511 2140 caule
538 2095 636 2158 nano,
668 2073 752 2141 loliis
772 2075 952 2140 camosulis
973 2072 1121 2160 oblongis
1141 2073 1255 2140 obtuse
1275 2070 1476 2160 pinnatilidis
1493 2073 1534 2138 vel

261 2162 385 2251 lyrotis,
407 2182 537 2229 racemo
553 2161 608 2228 l-5
623 2163 717 2244 lloro,
738 2161 896 2251 pediccllo
916 2161 1024 2251 calyce
1043 2161 1233 2230 subsaoeato
1252 2159 1410 2239 breviori,
1431 2159 1535 2248 petalis

203 2263 206 2268 '
261 2251 364 2318 roseis
383 2251 716 2338 oblongolinearibus
735 2251 841 2340 calyce
861 2249 958 2338 duplo
979 2248 1196 2336 longioribus,
1216 2249 1344 2337 siliquis
1355 2248 1534 2336 patentibus

259 2341 307 2406 vol
339 2339 466 2406 reflexis
495 2339 637 2407 tenuiter
663 2339 820 2407 teretibus
847 2337 1118 2406 striatonervosis
1145 2349 1324 2406 retrorsum
1353 2335 1533 2404 aculeolatis

260 2427 351 2528 apice
378 2448 463 2515 saepe
491 2427 633 2494 incurvis
663 2438 695 2496 et
727 2427 913 2508 attenuatis,
945 2427 1094 2513 stigmate
1115 2426 1354 2494 subincrassato
1375 2435 1532 2492 truncato-

245 2515 369 2584 ·bilobo
392 2525 443 2596 Θ.
466 2515 532 2583 Sis.
554 2537 707 2605 asperum
727 2515 869 2604 Sebimp.
892 2517 935 2604 pl.
957 2515 1054 2582 Arab.
1077 2535 1144 2582 eis.
1167 2536 1233 2583 non
1253 2513 1289 2581 L.

304 2625 382 2684 Hab.
401 2625 432 2682 in
449 2624 597 2683 umbrosis
621 2630 651 2682 et
675 2625 762 2684 cultis
785 2624 852 2700 jugi
876 2623 1010 2684 Sinaitiai
1030 2621 1182 2701 (Sebimp.
1203 2641 1266 2683 exs.
1291 2619 1375 2682 1241
1401 2621 1528 2696 Boissi),

260 2713 364 2774 Persii
380 2713 516 2774 orientali
535 2713 612 2773 inter
632 2713 788 2790 Djsndaok
804 2720 833 2772 et
850 2711 932 2772 Yazd
948 2700 1102 2792 (Bomoi),
1120 2731 1216 2790 prope
1233 2710 1393 2772 Sobahrntl
1412 2717 1442 2770 et
1459 2711 1529 2770 Sert

259 2803 351 2864 sobab
379 2811 409 2863 et
437 2803 514 2862 inter
539 2801 688 2864 Ohabbisa
715 2807 745 2863 et
769 2803 900 2863 Kerman
921 2797 1107 2879 (Bongoll,
1134 2798 1307 2863 Ralutsobib
1336 2801 1376 2860 ad
1406 2799 1530 2861 Niobam

260 2893 382 2967 (Stoeks
394 2895 400 2951 !
410 2893 433 2971 ).

305 2997 411 3055 Planta
433 2993 492 3057 5-4
508 2995 672 3071 polliceris,
697 2995 769 3056 lolia
785 2991 843 3058 5-8
865 2995 915 3053 lin.
940 2994 1047 3069 longa,
1065 2993 1154 3054 floras
1177 3011 1277 3068 magn.
1296 2991 1335 3054 M.
1355 2989 1529 3070 pernitiosa,

260 3087 368 3162 siliqua
396 3085 579 3161 bipollioaris
604 3085 689 3159 linere
707 3087 824 3146 tertiam
840 3089 955 3159 partem
983 3083 1073 3142 diam.
1091 3084 1162 3143 lata.
1189 3083 1312 3158 Species
1340 3082 1445 3143 babitu
1462 3084 1530 3139 inter

260 3175 460 3236 Malcolmiam
478 3181 508 3236 et
525 3173 724 3250 Sicambriam
742 3173 889 3235 subdubia
911 3172 1020 3234 sociob
1044 3171 1133 3232 floras
1151 3189 1254 3232 roseos
1272 3177 1302 3230 et
1318 3172 1427 3231 valvas
1445 3169 1530 3230 multi·

260 3267 377 3326 nervias
395 3266 495 3341 potius
513 3263 692 3324 Maleolmia.

475 3501 493 3536 ἦ*
517 3501 536 3536 ³*
561 3503 663 3560 Petale
682 3502 786 3576 oalyoa
804 3502 893 3577 triplo
911 3503 1060 3577 longiora.
1080 3503 1204 3579 Septem
1219 3507 1319 3563 tanna.

304 3691 358 3757 Μ.
378 3687 570 3788 Eunoni,
602 3686 693 3752 caule
713 3685 796 3751 elato
818 3703 946 3751 ramoso
965 3681 1039 3771 pilis
1059 3683 1176 3771 patulis
1196 3683 1399 3770 simplicibus
1419 3683 1530 3766 obsito,

262 3777 346 3844 loliis
365 3775 450 3864 pube
470 3773 620 3864 bipartita
641 3771 753 3840 obsitis
773 3770 1058 3858 lineari-oblongis
1078 3769 1378 3853 sinuato-dentatis,
1401 3771 1532 3838 racemis

262 3863 418 3950 elongatis
437 3862 529 3944 laxis,
550 3860 706 3949 pedicello
725 3861 826 3948 calyci
846 3859 1106 3946 subaequilongo,
1125 3858 1238 3958 petalis
1254 3857 1531 3944 lineari-oblongis

262 3951 378 4034 roseiS,
398 3950 524 4038 siliquis
543 3947 665 4035 glabris
684 3946 779 4014 rectis
799 3948 847 4014 vel
867 3947 1068 4029 circinnatis‚
1095 3955 1244 4032 stigmate
1264 3947 1405 4014 breviter
1425 3947 1532 4014 conico

263 4039 462 4107 acutiusculo
486 4045 537 4117 Θ.
567 4036 791 4102 Doatostemon
810 4036 1054 4122 proodislorum
1074 4033 1183 4122 Bunge
1203 4035 1246 4122 pl.
1271 4035 1383 4102 Lehm.
1405 4055 1438 4122 p.
1461 4033 1530 4100 lli.

307 4147 383 4206 Hab.
407 4146 436 4204 in
454 4144 638 4220 rupestribus
654 4141 862 4202 Taskesianiae
880 4142 956 4201 inter
971 4141 1109 4202 Bnobara
1127 4147 1157 4199 et
1174 4140 1331 4216 Kanagata
1343 4139 1491 4218 (Lebml).

305 4243 341 4326 β.
363 4239 572 4328 plobremeus.
595 4234 701 4303 Cauiis
719 4235 843 4322 glaber,
864 4234 940 4301 lolia
960 4244 1085 4302 tantum
1105 4234 1253 4322 margine
1266 4233 1395 4302 scabra.
1417 4231 1462 4300 M.
1478 4234 1534 4299 eir-

262 4331 395 4397 oianota
423 4329 451 4393 l.
479 4326 516 4392 D.
543 4323 647 4392 Hook.
669 4333 701 4390 et
719 4323 777 4389 Th.
800 4323 915 4390 lourn.
938 4323 1031 4390 Proc.
1054 4323 1148 4389 Lion.
1170 4321 1240 4390 Soc.
1262 4322 1301 4408 ll,
1323 4344 1354 4412 p.
1380 4319 1444 4388 155
1473 4340 1532 4387 non

266 4417 387 4504 Bnnge.

308 4523 384 4584 Hab.
396 4523 426 4581 in
439 4518 598 4597 Affghanii
615 4515 715 4596 (erte.
729 4536 766 4578 ax
784 4514 897 4598 Hook),
910 4515 1083 4579 Balntsohii
1094 4533 1188 4593 prope
1208 4513 1364 4592 (iurghina
1383 4513 1533 4596 (Stooksl).
