3150 5174
869 359 933 426 aas

261 600 273 654 t
294 508 380 674 ¹liqqq.
398 510 427 568 in
445 509 550 678 Ιῑζῑείΐι
574 513 709 572 orientali
734 515 809 574 inter
828 515 957 576 Kerman
978 521 1006 576 et
1021 516 1103 577 Yeztl
1123 524 1151 576 et
1168 519 1198 577 in
1218 519 1377 594 Atighonia
1394 521 1524 581 cocider-

275 614 313 656 ar
371 617 469 674 unge.
489 645 496 660 .

305 701 404 850 anrlis
429 701 483 766 54
502 705 673 780 polliceris,
690 705 779 766 liores
795 715 1060 787 purpurascentes,
1078 711 1193 786 siliqua
1211 711 1393 772 tenuissime
1408 705 1470 774 6·8
1486 715 1521 772 u-

259 808 330 851 ncas
360 810 455 867 angae.

301 1020 341 1090 S.
365 1023 747 1110 acanthocarpum
768 1023 819 1111 (F.
843 1035 873 1090 et
892 1025 932 1091 Μ.
950 1025 1047 1093 lndeu
1060 1027 1152 1095 llorl..
1169 1027 1295 1116 Petrop.
1320 1026 1422 1096 1835.
1440 1030 1520 1098 linu.

257 1107 295 1190 ll,
318 1109 415 1176 Liter.
431 1109 509 1198 163)
531 1133 718 1194 canescens,
740 1113 825 1178 loliis
844 1113 992 1200 oblongis
1012 1115 1159 1200 integris
1174 1117 1330 1205 pedieello
1344 1117 1419 1184 llori
1433 1121 1521 1207 aequi-

257 1195 370 1283 longo,
392 1199 516 1287 siliquis
536 1199 710 1286 gracilibus
731 1211 849 1288 praeter
871 1211 1051 1270 lomentum
1072 1205 1168 1271 breve
1199 1205 1275 1272 selis
1303 1205 1420 1292 rigidis
1444 1207 1522 1276 ilaris

255 1305 367 1352 earum
393 1285 552 1353 diametro
577 1288 777 1375 longioribus
796 1289 909 1356 obsitis
934 1291 967 1356 in
994 1294 1112 1382 stylum
1137 1293 1366 1381 longissimum
1386 1303 1521 1363 attenua-

256 1372 308 1455 tis,
330 1374 486 1462 stigmatis
509 1375 606 1442 ramis
626 1377 782 1464 elongatis
802 1377 990 1446 circinnatis
1010 1383 1064 1467 (a).

300 1481 375 1541 Hsb.
405 1483 433 1540 iu
458 1481 600 1542 Armenia
623 1484 749 1546 Rossioa
770 1485 847 1544 inter
875 1485 1110 1547 Naekitchewan
1138 1495 1168 1548 et
1193 1487 1335 1548 Ordubad
1363 1489 1521 1568 (Koural!),

252 1589 337 1646 prov.
359 1572 546 1745 Aqlcrbitljan
563 1573 673 1634 Persian
690 1577 753 1634 bor.
773 1573 887 1652 (Szowl
907 1575 1002 1638 Auch.
1022 1596 1084 1638 exs.
1104 1573 1242 1657 liert),
1262 1595 1359 1654 prope
1378 1578 1521 1640 Sobobrutl

253 1660 381 1737 (Rungel
407 1705 414 1722 .
1362 1687 1365 1692 ’

297 1763 403 1824 Planta
420 1771 450 1824 ut
467 1765 584 1825 videtur
602 1782 718 1842 semper
734 1767 892 1841 pumilaot
909 1768 1110 1844 integrifolia,
1128 1769 1218 1829 flores
1240 1767 1272 1828 S.
1298 1771 1439 1846 turnicii,
1466 1771 1521 1830 sili-

257 1871 322 1928 quae
344 1857 494 1914 tenuiores
513 1873 593 1929 sape
611 1856 801 1930 bipollicares
816 1857 887 1915 setis
904 1874 981 1932 saepe
995 1860 1205 1936 sesquilineam
1218 1860 1318 1934 longis
1335 1867 1521 1936 exasperata.

296 2091 336 2160 S.
359 2092 658 2178 lonqistylum
678 2091 792 2177 (Boiss.
815 2093 897 2158 Anu.
921 2091 970 2158 Sc.
994 2092 1063 2159 Nat.
1088 2091 1188 2176 tit-tu,
1211 2113 1242 2180 p.
1267 2091 1345 2181 387)
1371 2105 1524 2161 tomento·

252 2199 338 2260 sum,
364 2179 448 2246 loliis
468 2189 602 2265 anguste
623 2179 807 2246 lanceolalis
827 2179 1183 2268 sinuato-pinnatiiulis‚
1216 2182 1352 2249 [loribus
1373 2181 1524 2249 subsessi-

252 2267 350 2349 libus‚
383 2267 509 2355 siliquis
539 2268 728 2334 tomentosis
759 2267 976 2355 eglanslulcsis
1002 2270 1187 2356 patentibus
1211 2271 1365 2336 tenuibus
1391 2270 1524 2337 arcuatis

251 2357 300 2422 vel
321 2357 464 2423 recurvis
484 2356 516 2422 in
537 2358 652 2444 stylum
672 2357 896 2444 longissimum
917 2356 1111 2440 attenuatis,
1139 2358 1298 2443 stigmatis
1318 2358 1421 2425 ramis
1441 2359 1523 2426 elon·

252 2444 334 2531 gatis
354 2447 407 2530 (i).

295 2552 373 2612 Hab.
392 2553 421 2610 in
446 2553 550 2612 Persia
567 2552 822 2612 austro-orientali
841 2551 918 2612 inter
945 2553 1088 2626 Kerman,
1110 2553 1202 2628 Yend,
1229 2551 1360 2628 Ispahan
1379 2560 1410 2612 et
1427 2553 1457 2612 in
1478 2553 1524 2612 tle·

252 2647 331 2700 serlo
350 2659 443 2716 prope
471 2639 620 2704 Ohabbise
647 2629 807 2723 (Buugoi),
828 2643 858 2699 in
881 2643 985 2701 Persia
1009 2642 1133 2702 australi
1158 2659 1252 2717 propo
1271 2641 1395 2702 Solriraz
1415 2640 1426 2722 (
1437 2643 1523 2703 Ancb.

252 2746 314 2790 exe.
332 2726 423 2793 4169
436 2730 464 2790 N
475 2728 504 2810 ll.

296 2833 322 2890 A
339 2831 434 2891 forma
451 2833 643 2908 angustiiolit
659 2829 689 2891 S.
708 2831 863 2909 sulphurei
885 2831 1056 2891 distinctum
1075 2831 1196 2891 floribus
1215 2832 1446 2908 subsessilibus‚
1471 2835 1524 2892 sili-

252 2923 317 2997 quis
337 2918 438 2983 10-72
464 2923 514 2982 lin.
533 2923 631 2998 longis
657 2921 810 2997 tenuibus,
829 2921 908 2994 stylo
936 2921 1014 2980 tenui
1041 2917 1062 2980 2
1089 2920 1182 2981 lineas
1202 2922 1292 2996 longo
1325 2928 1355 2980 et
1382 2922 1524 2996 stigmatis

250 3012 341 3071 ramis
352 3012 509 3086 elongatis.

294 3237 333 3304 S.
347 3235 775 3322 contortuplicatum
795 3233 910 3320 (Boias.
934 3234 1016 3300 Anu.
1038 3232 1088 3300 Sc.
1112 3233 1182 3300 Nat.
1206 3233 1305 3316 tatu,
1328 3256 1361 3322 p.
1377 3233 1458 3318 387)
1476 3255 1524 3301 ea-

250 3343 400 3406 nesoens,
421 3323 505 3390 loliis
524 3322 709 3390 lanceolatis
727 3321 939 3408 pinnatifidiS‚
966 3321 1122 3408 pedicello
1143 3321 1255 3388 tlororu
1275 3325 1434 3411 aequanti,
1463 3321 1524 3390 sili-

250 3411 322 3499 quis
342 3411 491 3479 stellatim
512 3409 679 3498 puberulis
696 3408 848 3475 brevibus
869 3409 1043 3476 lateraliter
1064 3409 1321 3497 subcomprossis
1340 3423 1432 3478 arete
1451 3433 1524 3478 cou-

250 3499 462 3587 tortuplioatis
486 3499 517 3564 in
544 3500 659 3587 stylum
686 3498 815 3564 brevem
842 3497 1025 3580 attenuatis,
1059 3497 1217 3584 stigmatis
1237 3499 1336 3566 narnis
1357 3500 1524 3567 abbrevia-

250 3585 291 3654 tis
311 3590 365 3674 Θ.

293 3693 371 3753 Hab.
389 3694 418 3752 in
437 3711 519 3767 prov.
538 3691 723 3768 Aderbidjan
742 3680 862 3768 (Auchi
885 3690 968 3750 herb.
986 3689 1060 3750 Mus.
1088 3691 1181 3770 Pan).

295 3795 320 3854 ll
337 3796 413 3854 eollo
431 3795 600 3854 multicaule
619 3793 751 3854 caulibus
769 3793 1031 3868 procumbentibus
1048 3810 1152 3868 parum
1167 3794 1309 3870 ramosis;
1326 3798 1440 3857 racemi
1451 3797 1523 3856 frue-

250 3884 328 3944 tilori
348 3885 478 3961 elongati
494 3885 553 3942 laxi
578 3884 662 3960 nudi,
685 3884 773 3942 flores
792 3901 808 3940 e
827 3882 954 3940 minimis
972 3883 1102 3958 generis,
1118 3883 1232 3959 siliquae
1250 3891 1332 3944 arete
1348 3887 1523 3946 circinnato-

249 3979 390 4034 oontortae
414 3973 569 4049 explicata
593 3973 643 4030 vix
669 3967 750 4034 9-10
774 3973 867 4030 lineae
894 3971 1098 4044 longaeseous
1120 3973 1274 4046 placentas
1294 3979 1527 4049 compresserat

248 4063 378 4123 sulcate.
395 4062 552 4138 Speoimen
568 4063 685 4122 unicum
702 4061 764 4119 vidi
781 4067 811 4119 et
828 4059 988 4134 descripsi.

553 4275 778 4352 trrrutruu
804 4275 869 4372 (ut.
896 4277 976 4370 syn.
999 4276 1039 4364 u,
1063 4297 1093 4370 p.
1123 4276 1212 4366 suo).

293 4465 406 4554 Sepeia
425 4461 561 4529 linearia
577 4469 684 4527 erecta
703 4458 773 4525 basi
792 4457 940 4546 aequalia.
974 4456 1081 4523 Petale
1105 4455 1251 4523 linearia.
1285 4453 1430 4557 Stamina
1454 4459 1524 4526 lon-

249 4557 341 4643 giora
360 4573 418 4642 per
437 4550 528 4640 paria
548 4550 641 4636 longe
662 4557 799 4614 connata
818 4565 902 4633 saepe
923 4545 1038 4612 abortu
1059 4545 1097 4612 ad
1115 4543 1290 4612 traducta.
1313 4543 1436 4632 Srquua
1450 4546 1522 4613 suh·
