3276 5200
841 349 908 420 did

281 585 321 656 S.
344 586 509 674 supina
528 584 608 674 (ΜΒ.
630 583 727 654 laur.
748 585 843 654 Caua.
866 587 892 670 l,
913 607 946 675 p.
967 583 1047 689 338)
1068 586 1211 655 breviter
1229 587 1424 690 pubescens,
1447 589 1524 658 basi

239 673 469 742 sullmtescens
487 671 635 743 caulibus
654 674 903 743 ascendentibus
922 694 1075 760 ramosis,
1106 675 1191 744 loliis
1218 675 1396 744 linearibus
1423 688 1458 744 et
1485 677 1527 744 li·

239 761 535 832 neari-lanceolatis
559 763 676 847 acutis,
703 762 803 854 cymis
822 763 956 832 alternis
975 773 1008 832 et
1025 764 1181 854 oppositis
1199 764 1341 832 breviter
1360 773 1393 832 et
1411 765 1527 833 stricte

238 850 461 940 pedunculatis
480 851 664 940 paniculam
685 861 855 940 angustam
873 853 1006 921 brevem
1025 853 1259 938 formantibus,
1291 854 1400 943 calyce
1429 855 1528 942 glan-

238 938 456 1008 dulosc-hirto
476 939 546 1008 basi
568 949 733 1009 attenuato
752 942 847 1030 longe
871 941 1048 1032 cylindrico
1072 941 1225 1010 dentibus
1251 941 1353 1009 oratis
1379 941 1526 1010 obtusis-

240 1027 345 1112 simis,
367 1027 534 1098 lructilero
546 1031 681 1114 clavato,
701 1029 867 1117 unguibus
878 1029 997 1118 longis,
1016 1029 1137 1098 lamina
1156 1031 1229 1099 alba
1248 1029 1288 1098 ad
1307 1030 1454 1098 nledium
1475 1031 1527 1097 bi-

239 1115 315 1201 fida,
337 1137 467 1185 coronae
486 1117 612 1186 laciniis
630 1117 784 1187 brevibus
804 1118 942 1202 bilobis‚
963 1120 1094 1208 capsula
1113 1117 1388 1208 oblongo-conica
1408 1139 1527 1208 carpo-

239 1204 344 1294 phoro
362 1205 545 1295 aequilonga
569 1215 613 1282 aa.

281 1311 357 1372 Hab.
375 1311 405 1370 in
430 1312 548 1372 saxosis
565 1311 683 1374 Tauria
699 1311 782 1390 (llssl
802 1301 887 1374 Ster!
901 1311 930 1395 ),
953 1312 1080 1375 Caucasi
1106 1317 1252 1389 septentr.
1281 1309 1363 1391 (tte.
1394 1312 1465 1374 Hob
1479 1302 1488 1372 i
1501 1310 1524 1394 ),

236 1399 347 1462 Parsia
362 1418 449 1477 prov.
470 1399 657 1482 aderbidjaa
675 1407 705 1464 et
720 1401 829 1464 (lhilan
848 1401 957 1482 (doch.
977 1399 1212 1465 exametros
1228 1400 1367 1479 asaal).
1385 1402 1434 1464 1³1.
1446 1403 1521 1464 Jun.

281 1500 358 1568 AS.
371 1505 577 1586 operculisolia
593 1511 624 1568 ct
638 1509 782 1585 pruinosa
798 1507 902 1584 calyce
920 1505 939 1568 7
958 1507 1054 1568 lineas
1071 1508 1162 1583 longo
1179 1506 1280 1568 atatim
1298 1507 1526 1583 distinguenda.

710 1717 729 1754 ⁴*
752 1717 770 1754 ⁴*
792 1718 914 1795 Ungues
937 1719 1045 1795 glabri.

282 1875 323 1946 S.
347 1893 512 1964 repens
544 1877 669 1966 (Patrin
697 1878 731 1946 in
758 1878 846 1947 Pers.
872 1875 949 1968 Syn.
972 1876 999 1961 l,
1019 1898 1052 1966 p.
1074 1875 1154 1965 500)
1185 1876 1381 1966 pubescens,
1413 1877 1523 1945 radice

240 1965 337 2051 longe
356 1964 497 2054 repenti,
529 1966 676 2034 caulibus
701 1967 885 2036 numerosis
909 1965 1025 2035 erectis
1048 1965 1322 2054 simpliciusculis,
1350 1965 1434 2033 loliis
1459 1967 1524 2034 late

239 2051 418 2121 linearibus
438 2053 586 2142 oblongis
609 2055 723 2140 acutis,
756 2055 947 2144 pedunculis
977 2054 1129 2122 brevibus
1159 2054 1316 2143 oppositis
1347 2051 1402 2120 ta
1433 2054 1524 2121 [loris

241 2141 559 2224 racemumbrcvem
583 2164 668 2232 saepe
692 2144 963 2231 capitulilormem
987 2141 1215 2226 formantibus,
1245 2144 1352 2232 calyce
1372 2142 1472 2210 dense
1493 2155 1525 2210 et

240 2229 346 2319 crispe
365 2231 525 2319 puberulo
545 2232 750 2322 cylindraoeo
770 2234 892 2301 clavato
911 2231 1062 2300 dentibus
1082 2231 1183 2299 ovatis
1207 2230 1334 2299 obtusis
1357 2231 1524 2298 membra-

241 2319 564 2406 naceo-marginatis,
596 2320 716 2388 lamina
747 2321 820 2388 alba
850 2321 890 2388 ad
921 2320 1063 2388 medium
1093 2319 1259 2408 bipartita,
1292 2339 1422 2388 coronae
1441 2319 1526 2387 lobis

241 2405 395 2475 brevibus
414 2407 531 2492 acutis,
563 2409 767 2498 carpophoro
794 2408 882 2478 hirto
909 2410 1040 2499 capsula
1066 2408 1288 2477 ovato-conica
1314 2408 1526 2496 sublongiore

251 2507 297 2573 aa.
321 2496 441 2564 Ledeb.
464 2495 507 2564 lc.
532 2495 580 2565 rt.
602 2497 694 2566 Rcss.
716 2497 783 2566 tab.
806 2495 882 2565 aab.

287 2601 367 2751 pr.
385 2602 417 2662 in
432 2601 576 2664 Armenia
591 2602 718 2664 Rossica
732 2601 779 2682 (O.
798 2601 896 2681 Koch,
910 2601 1048 2682 binim),
1066 2601 1095 2662 in
1112 2601 1357 2664 Transcaucasia
1376 2602 1415 2663 ad
1432 2602 1528 2664 Zullra

244 2691 335 2856 (Hills
346 2688 489 2856 inuitus
507 2799 614 2871 praetar
630 2797 952 2874 speciemsequentenr
966 2813 1064 2872 ungue
1082 2795 1277 2858 bianriculato
1297 2796 1450 2857 distincta.
1473 2795 1527 2856 Se-

245 2886 325 2946 mina
342 2887 539 2946 tuberculata.

288 2984 345 3048 Ar.
370 2993 495 3066 ῦοοςτ.
520 2988 630 3048 Roscia
648 2988 755 3066 media,
772 2987 882 3050 Sibiria
899 2987 1052 3050 Uralensis
1070 2991 1101 3049 et
1116 2985 1278 3049 orientalis.

289 3197 329 3266 S.
341 3196 674 3266 Montbratlana
694 3194 810 3351 ppoiss.
832 3193 945 3282 lliagn.
967 3193 1036 3262 Ser.
1060 3194 1087 3279 l,
1108 3194 1135 3279 1,
1155 3215 1187 3282 p.
1202 3193 1259 3282 ab)
1279 3192 1422 3261 breviter
1440 3195 1528 3260 velu-

247 3283 416 3353 tino-hirta
428 3283 548 3370 grisea,
568 3283 638 3352 basi
658 3306 696 3352 su
721 3294 889 3352 rutescens
908 3283 1054 3352 caulibus
1078 3283 1194 3351 erectis
1220 3281 1330 3350 stricte
1356 3281 1528 3349 ramulosis

246 3374 297 3442 vel
311 3373 526 3463 simplicibus,
547 3372 633 3441 loliis
651 3373 831 3440 uninerriis
850 3374 991 3460 oblongo
1010 3373 1060 3440 vel
1077 3370 1394 3440 lineari-lanceolatis
1411 3381 1528 3459 praeter

247 3461 360 3530 infima
377 3482 462 3552 saepe
481 3461 598 3529 obtusa
617 3461 732 3544 acutis,
764 3461 932 3530 lloralibus
961 3459 1404 3548 oblongo-triangularibus,
1435 3463 1529 3548 cyma

246 3551 410 3620 terminali
441 3549 628 3619 subtrillora
657 3549 859 3706 pedunculis
880 3549 1047 3632 brevibus,
1081 3551 1187 3652 calpae
1217 3547 1528 3636 glanduloso-hirto

247 3639 389 3708 breviter
407 3639 633 3727 campanulato
680 3638 809 3708 entibus
835 3638 937 3730 oratis
955 3637 1176 3722 acutiusculrs,
1203 3637 1371 3706 fructifero
1391 3638 1527 3720 clavato,

247 3749 358 3816 ungue
379 3727 533 3816 utrinque
552 3728 755 3811 unidentato,
779 3727 910 3796 laminae
933 3726 1057 3794 llavidae
1077 3737 1109 3794 et
1127 3747 1257 3795 coronae
1274 3725 1404 3794 laciniis
1423 3725 1528 3793 breri-

248 3817 309 3886 bus
328 3815 441 3900 oratis,
463 3817 594 3905 capsula
613 3817 751 3904 oblonga
769 3835 825 3884 car
869 3816 973 3906 phoro
993 3813 1175 3904 aequilonga
1212 3827 1259 3892 tt.
1292 3815 1328 3884 S.
1353 3813 1528 3903 [spirauca

248 3905 350 3974 Boiss.
372 3915 403 3973 et
422 3904 508 3972 Huet
525 3904 639 3992 Diagn.
661 3903 731 3972 Ser.
757 3903 797 3988 ll,
849 3959 857 3991 ,
877 3925 910 3994 p.
933 3902 987 3970 55.

292 4013 369 4074 Hab.
381 4013 411 4072 in
422 4013 568 4072 montanis
580 4011 731 4073 Cataonia
743 4011 773 4070 in
786 4013 933 4073 montibus
945 4009 1074 4086 akdagh
1086 4015 1116 4072 et
1127 4009 1271 4089 Soffdagh
1284 4009 1418 4085 (llontbl
1433 4010 1526 4072 anob.

248 4121 314 4165 axs.
334 4096 422 4165 459!
442 4101 613 4178 Hanssknl)
638 4119 730 4177 supra
754 4101 865 4162 Aintab
885 4089 1082 4184 (mussini),
1117 4102 1147 4160 in
1169 4101 1310 4160 Armenia
1334 4100 1467 4162 auratae
1493 4101 1528 4162 ad

248 4193 326 4272 Ispir
343 4189 477 4274 (Hosti),
493 4191 532 4252 ad
545 4189 780 4253 Gomnabkband
798 4197 827 4251 et
844 4191 972 4252 Baiboot
989 4179 1154 4277 (Bourgi).
1171 4189 1217 4251 rt.
1236 4190 1305 4250 bloi.

293 4295 401 4357 Ocules
418 4289 498 4378 ¹l,·l
517 4293 648 4370 pedales,
669 4293 756 4370 calyx
773 4290 831 4356 4-5
850 4295 944 4354 lineas
961 4293 1079 4370 longus,
1097 4291 1530 4370 seminamgoso·tubaranlala

172 4375 174 4378 ’
250 4385 341 4447 dorso
359 4403 502 4446 convexa.
520 4383 646 4444 Habitus
665 4389 694 4443 et
716 4383 806 4444 flores
833 4383 997 4445 abbreviati
1017 4377 1049 4444 S.
1062 4385 1220 4461 pruinosa,
1239 4381 1295 4443 aad
1311 4382 1530 4443 inflorescentia

249 4494 308 4536 non
322 4476 501 4552 peniculon,
515 4474 627 4550 aalycis
646 4473 759 4534 latioris
778 4491 844 4534 enm
867 4471 901 4535 S.
918 4476 1048 4554 repentis
1065 4471 1223 4535 referentis
1240 4473 1346 4534 dentes
1368 4471 1462 4546 acuti,
1480 4488 1526 4548 pe

250 4567 313 4628 lala
331 4566 463 4628 breviter
476 4564 569 4626 bifida
584 4568 614 4624 et
628 4563 743 4624 aomina
761 4563 891 4625 diversa.
