3242 5186
850 357 915 429 408

284 630 325 699 C.
347 629 592 716 Hispanloa
616 629 665 716 (L.
688 631 741 718 Sp.
765 629 844 718 937)
870 634 977 720 patule
998 633 1138 722 hispida,
1161 633 1245 701 loliis
1265 633 1387 701 teneris
1406 631 1532 722 lyratis

239 717 413 802 sepientis
433 717 620 784 lateralibus
640 717 697 785 ‘nt
716 719 820 807 parvis
840 721 941 788 eratis
961 721 1121 789 terminali
1143 744 1259 808 magno
1278 720 1533 788 cordate-erbi-

239 808 360 888 enlat0,
382 805 555 872 lilanrentis
575 807 694 895 saepius
714 809 866 892 dentatis,
888 809 1024 877 articula
1044 810 1197 879 inferiore
1210 810 1343 878 dimidie
1356 810 1532 892 breviore,
1607 843 1610 850 .

240 895 409 984 superiore
431 895 498 961 tan
520 895 640 962 mutire
661 899 709 972 Θ.
739 897 826 964 Lam.
850 899 897 964 lli.
921 898 986 965 tab.
1010 897 1088 966 553.

283 1003 361 1064 Hah.
383 1005 411 1061 in
428 1005 612 1078 rupestribns
627 1005 772 1065 umbrosis
789 1004 980 1082 Cephalania
995 1009 1033 1066 ad
1051 1008 1204 1085 Argesteli
1223 999 1374 1088 (Hateri),
1394 1007 1528 1068 trraeetae

239 1095 279 1153 ad
296 1094 387 1169 Pylos
401 1093 554 1153 Messeniae
570 1093 712 1172 (Heldrll,
728 1095 819 1172 Cypri
834 1097 874 1156 ad
894 1097 975 1172 Cape
993 1096 1091 1158 Greeo
1109 1096 1173 1176 (ΚΥ
1191 1116 1252 1158 exa.
1275 1096 1339 1160 l25
1351 1097 1388 1176 l),
1408 1099 1530 1158 Palaes·

237 1187 306 1246 tinea
323 1202 416 1260 prope
434 1181 587 1258 Neplouse
606 1193 636 1242 et
656 1185 685 1243 in
709 1187 856 1246 montibus
878 1187 1016 1248 Ithabure
1039 1193 1069 1248 et
1097 1187 1233 1248 Garmelo
1256 1185 1401 1266 (Belesi).

286 1311 320 1392 β.
342 1306 505 1374 edentula.
528 1306 705 1374 Filamenta
726 1308 888 1375 edentula.

287 1415 363 1474 Hah.
383 1431 449 1473 eum
465 1416 548 1488 typo.

287 1526 344 1590 Ar.
369 1526 492 1606 Geogr.
519 1527 662 1604 Hispania
680 1529 842 1603 maritima,
862 1525 1012 1592 Sardinia.

532 1767 646 1836 Senties
665 1767 698 1836 C.
722 1807 766 1818 -—
790 1767 929 1836 Fracta-s
954 1779 1230 1838 reticemerttaceas

831 1983 939 2058 ltili

516 2124 642 2218 (tersi.
673 2124 719 2197 rt.
743 2125 809 2218 AEp.
836 2123 914 2222 lii,
939 2123 1021 2199 lena.
1046 2123 1109 2198 tab.
1139 2123 1180 2197 li
1196 2122 1254 2214 t).

290 2345 380 2433 Calyx
402 2355 528 2411 erectas
548 2343 692 2432 reqtralis.
728 2343 834 2411 Petale
860 2345 999 2430 oblonga
1027 2344 1153 2430 integra
1180 2346 1274 2426 lenge
1301 2342 1530 2430 unguiculnta.

248 2433 390 2501 Stamina
414 2433 517 2499 libera
541 2433 701 2500 edentula.
731 2433 861 2500 Silienla
880 2443 1046 2500 erustaeea
1067 2433 1150 2500 dara
1169 2432 1410 2520 ovate-glebosa
1431 2431 1533 2497 sube-

249 2521 474 2607 roso-lungesa
495 2523 574 2610 style
594 2522 743 2590 subulate
756 2523 839 2588 dure
852 2532 1001 2602 rostrata,
1024 2531 1146 2608 eptem,
1168 2531 1350 2588 transverse
1370 2531 1402 2586 et
1422 2521 1534 2608 parel-

247 2612 306 2677 lele
327 2610 524 2678 biloenlaris.
547 2611 676 2678 Semina
695 2610 729 2677 in
749 2611 861 2677 leenlis
881 2611 1025 2678 solitaria
1045 2611 1194 2696 pendula.
1216 2609 1429 2700 Cotyledenes
1450 2630 1533 2674 een-

248 2699 429 2786 dupiicetae.
451 2739 493 2750 —
512 2699 699 2766 Sullrutiees
726 2699 866 2766 erinacei
893 2700 1074 2788 snbaphplti
1094 2699 1194 2767 ramis
1214 2699 1398 2766 dicheteme
1421 2717 1535 2764 rante-

249 2787 385 2855 sissirnis
407 2787 496 2876 apice
518 2787 787 2876 spineseentibus‚
809 2787 946 2856 lleribns
967 2787 1078 2856 roseis.

292 3021 332 3088 Ζ.
356 3017 645 3104 myagroides
673 3019 800 3104 (Fersk.
824 3021 884 3086 loe.
908 3020 978 3104 eit.)
1003 3020 1087 3087 loliis
1108 3019 1318 3086 inferioribus
1339 3018 1402 3086 cite
1425 3019 1531 3086 exsie-

250 3107 329 3176 eatis
349 3107 497 3192 oblongis
518 3107 789 3193 repantle-lobatis
813 3107 845 3174 in
870 3108 1025 3196 petiolum
1051 3108 1237 3190 attenuatis,
1270 3109 1389 3174 rameis
1416 3107 1533 3196 paucis

249 3195 587 3280 oblongo-linearibus
608 3197 654 3262 vel
676 3195 852 3264 linearibus
871 3196 1009 3276 obtusis
1031 3197 1156 3263 silicula
1175 3197 1359 3263 lrevinseulai
1379 3197 1427 3262 vel
1447 3195 1533 3264 irre·

249 3285 406 3372 gulariter
425 3289 544 3350 castata
564 3293 595 3349 et
615 3285 827 3352 serebienlatal
849 3285 882 3351 in
902 3287 1019 3374 stylum
1040 3291 1078 3353 ea
1097 3285 1279 3353 breviorem
1304 3290 1473 3352 attenuata
1500 3298 1529 3363 5.

250 3373 520 3460 Battiasspt‘nesa
540 3371 574 3438 L.
596 3373 692 3440 blant.
715 3371 769 3440 96.

297 3481 372 3538 Hab.
386 3481 415 3537 in
429 3480 555 3537 desertis
568 3477 694 3554 AEgypti
706 3484 735 3536 et
746 3479 866 3538 Arabiae
878 3485 988 3554 petrea
1000 3477 1240 3555 frequentissima
1255 3478 1375 3557 (Forsk.
1384 3477 1527 3554 Sebimp!

250 3558 355 3630 Boissl
375 3565 453 3648 etei.
473 3567 563 3626 Flore
582 3567 685 3642 Marte,
705 3567 812 3643 Aprili.

294 3693 329 3778 β.
351 3692 563 3778 mierneerpa.
587 3691 677 3757 Remi
698 3691 922 3769 eenlertiores‚
945 3691 1019 3756 lolia
1039 3711 1123 3778 saepe
1143 3689 1258 3772 ineisa,
1280 3689 1405 3757 silicnla
1422 3689 1531 3758 rninor

252 3780 426 3848 lateraliter
444 3778 623 3846 evidentius
648 3779 806 3846 bisuleata
830 3778 927 3846 derso
954 3780 1025 3867 plus
1050 3779 1157 3846 rninus
1177 3779 1346 3846 manifeste
1367 3778 1531 3846 trieestata

251 3879 433 3935 transverse
453 3870 618 3954 ragnlesa.
633 3909 677 3916 —
693 3869 730 3934 Z.
753 3868 954 3955 mieroearpa
973 3867 1095 3934 Visian.
1117 3869 1161 3956 pl.
1185 3867 1255 3954 AEg.
1279 3867 1395 3934 Erunt.
1419 3889 1449 3955 p.
1472 3867 1526 3935 ll.

173 4035 189 4058 ο
251 3956 424 4024 Selnreinl.
450 3957 493 4022 tn.
516 3957 613 4024 Nilet.
635 3979 668 4044 p.
691 3956 746 4038 ab,
768 3956 833 4023 tab.
856 3955 887 4022 7.

296 4067 374 4126 Heb.
394 4069 423 4124 in
442 4065 577 4140 AEgypto
596 4068 695 4125 media
712 4073 742 4126 et
759 4067 889 4124 interiori
908 4054 1027 4143 (Anehl
1049 4065 1171 4126 Aeerbi!
1189 4065 1276 4125 Boiss
1288 4061 1322 4144 l).

296 4167 421 4226 Videtur
440 4167 542 4225 formis
561 4167 744 4226 intermediis
769 4165 881 4226 tractas
900 4167 938 4224 ad
956 4171 1060 4240 typum
1078 4167 1215 4226 transire.
1242 4165 1286 4225 ct
1313 4165 1529 4226 schweinfurth

254 4258 283 4314 in
300 4259 386 4317 ieone
405 4258 494 4317 citati
516 4255 637 4315 exhibet
653 4257 779 4316 fruetnrn
798 4256 831 4315 Z.
849 4257 1031 4333 mpeproirtis
1050 4275 1068 4315 a
1090 4258 1180 4316 dorso
1200 4257 1418 4330 complanatum
1443 4257 1530 4331 quale

253 4347 383 4406 nendum
413 4347 480 4404 vidi.
513 4347 618 4405 Patala
647 4347 675 4404 in
704 4349 829 4422 utrique
855 4348 951 4406 iermti
966 4344 1025 4408 6·7
1048 4349 1142 4406 lineas
1165 4347 1266 4421 longe.
1285 4346 1411 4406 Fructus
1433 4346 1529 4420 pisum

254 4453 375 4512 aeqttans
394 4437 439 4495 vel
458 4433 562 4514 major.
