3134 5174
855 325 897 394 70

237 468 345 528 rantes
374 459 581 544 abeuntibus,
616 459 763 548 carpellis
792 459 914 548 glabris
936 461 1033 550 paulo
1066 461 1151 529 ultra
1177 461 1320 528 medium
1359 461 1510 530 connexis

238 546 330 636 apice
364 568 481 636 parum
511 547 754 635 divergcntibus
782 547 814 616 in
846 559 951 616 rostra
981 560 1070 616 recta
1099 547 1293 616 abeuntibus
1322 549 1423 618 dorso
1457 547 1511 614 tri-

237 656 374 792 ppplvlrsrso
375 657 511 806 pappsvrp>
516 637 704 704 lateralibus
730 635 771 704 ab
801 635 996 704 intermedio
1027 657 1142 726 parum
1167 636 1381 720 distantibus,
1417 635 1512 704 scmi-

282 832 359 894 Hab.
378 835 407 892 in
426 833 552 894 collibus
571 837 601 891 et
625 833 711 893 cultis
740 829 942 908 Cappadocis
966 832 1120 892 orientalis
1141 831 1247 912 (Aucb.
1274 851 1337 894 exs.
1356 830 1447 910 511),
1463 831 1514 893 Ar·

239 923 344 982 menia
361 923 441 984 circe
456 923 585 983 Baibont
603 927 632 980 et
660 921 824 984 Erzcroum
848 919 978 1004 (Bourgt
996 921 1076 981 Huet
1098 938 1161 983 axs.
1185 925 1240 984 snb
1259 921 1298 984 Ν.
1327 922 1515 1000 0111111111ίὶ),

239 1012 334 1162 {peip
350 1012 479 1116 borealia
507 1012 545 1071 ad
563 1011 680 1089 Aleppo
699 1006 761 1098 (Ky
780 1012 848 1072 coll.
869 1009 958 1075 tata
984 1019 1018 1071 n⁰
1036 1008 1132 1092 arnt)
1157 1016 1187 1073 et
1207 1011 1318 1074 Aintab
1334 1013 1471 1094 (Haussk
1482 1011 1517 1091 1).

278 1147 286 1162 .
325 1119 363 1162 ne
379 1120 471 1162 vens.

284 1211 319 1295 β.
342 1209 486 1293 Nolana,
507 1209 613 1309 sepala
634 1209 940 1298 elliptico-linearia.
962 1209 1065 1298 Stipes
1078 1210 1258 1298 petalorum
1279 1211 1461 1300 elongatus.
1476 1211 1514 1278 tt.

240 1298 371 1366 Notatur
391 1298 493 1366 Boiss
516 1297 630 1384 Dragn.
652 1297 721 1364 Ser.
746 1297 830 1382 11,1,
852 1319 884 1388 p.
907 1297 939 1366 9.

285 1402 364 1463 Hab.
384 1403 414 1461 in
430 1403 572 1462 Armenia
589 1403 713 1462 australi
732 1421 826 1480 prope
843 1403 960 1479 Karput
976 1391 1103 1484 (Nost),
1123 1405 1204 1465 cirea
1220 1403 1336 1466 Bludan
1356 1403 1518 1464 Antilibani

242 1492 315 1573 (Ky.
336 1489 475 1555 185511»
493 1491 532 1554 71
545 1491 578 1570 !).

285 1637 318 1697 y.
342 1605 527 1692 teauifolr'n,
558 1601 683 1670 laciniae
713 1602 988 1670 lineari-sctaccae.
1017 1601 1117 1670 Petali
1148 1603 1245 1690 stipes
1265 1603 1450 1690 elongatus.
1478 1601 1517 1669 Ν.

243 1693 375 1760 Persica
393 1691 496 1760 Boiss.
519 1692 601 1758 Ann.
624 1691 674 1758 Sc.
698 1689 769 1759 Nat.
793 1689 893 1776 latr,
915 1711 947 1779 p.
974 1689 1052 1758 358.

289 1801 366 1860 Hab.
380 1801 410 1858 in
425 1799 506 1874 agris
524 1815 619 1876 prope
636 1797 755 1858 Aintab.
775 1797 870 1874 Syrie
885 1799 953 1859 bor.
969 1789 1165 1878 (Honestam),
1177 1797 1207 1856 in
1220 1797 1448 1872 Persiimuch.
1460 1816 1518 1857 exa.

245 1887 291 1952 50
308 1895 338 1950 ct
353 1889 382 1948 in
396 1889 472 1966 jugo
489 1889 598 1950 Elbrus
615 1885 650 1946 n⁰
666 1883 752 1949 4021
766 1885 801 1967 l),
818 1889 895 1948 inter
911 1887 1050 1949 Teheran
1068 1893 1099 1946 et
1114 1885 1225 1947 Tabris
1243 1888 1392 1968 (Bongl).

289 1991 396 2051 Floras
412 2007 491 2066 saepe
509 1989 587 2049 loliis
604 1989 750 2064 supremis
766 1989 955 2064 invulnerati,
974 1987 1090 2050 lacinias
1107 1987 1246 2048 loliorum
1263 1989 1307 2048 eis
1325 1987 1440 2065 speciei
1450 2005 1518 2062 pra·

171 2137 179 2156 ,
248 2081 380 2142 cedentis
398 2079 569 2140 crassiores.
589 2077 729 2138 Antlreree
747 2077 872 2138 erronea
889 2079 1006 2140 muticas
1022 2079 1110 2139 dicte
1126 2083 1159 2137 nt
1183 2079 1213 2136 in
1230 2077 1369 2140 affinibus
1396 2077 1521 2138 breviter

248 2171 389 2230 aristatae.
408 2169 485 2246 Styli
502 2170 557 2230 snb
570 2167 686 2228 antbesi
704 2167 817 2228 incurvi
829 2167 883 2228 sed
899 2169 1023 2244 capsula
1038 2168 1153 2228 matura
1171 2168 1254 2229 recti.

292 2429 340 2496 N.
360 2428 533 2496 ciliaris
553 2429 620 2512 (nc.
640 2425 723 2515 Syst.
741 2427 766 2510 l,
782 2447 814 2514 p.
837 2425 920 2514 317)
939 2427 1066 2495 laciniis
1086 2429 1238 2496 loliorum
1259 2428 1454 2512 linearibus,
1475 2450 1521 2496 se-

246 2516 326 2605 palis
346 2515 529 2604 patentibus
548 2515 649 2582 ovatis
669 2515 862 2582 acuminatis
882 2515 951 2582 basi
971 2517 1143 2584 attenuatis
1156 2515 1399 2604 albo-hispidis,
1415 2516 1521 2606 petalis

247 2603 397 2692 stipitatis
416 2603 501 2670 labio
528 2603 679 2670 exteriori
707 2614 845 2670 cuneato
865 2604 965 2671 bilido
984 2605 1067 2672 lobis
1087 2605 1120 2671 in
1143 2604 1278 2672 lacinias
1298 2605 1440 2673 lineares
1459 2604 1521 2672 his-

248 2692 338 2846 pidas
360 2694 473 2778 longas
496 2691 691 2758 abeuntibus
716 2692 785 2758 basi
814 2691 965 2759 exteriori
992 2693 1088 2761 dente
1108 2693 1197 2760 brevi
1229 2692 1352 2777 auctiS,
1379 2693 1522 2782 carpellis

272 2779 418 2868 ispidulis
438 2780 477 2846 ad
499 2779 642 2846 medium
655 2779 778 2846 coalitis
798 2781 1041 2868 divergcntibus
1060 2782 1094 2848 in
1113 2793 1217 2849 rostra
1230 2792 1318 2849 recta
1331 2782 1522 2851 abeuntibus

247 2869 344 3037 (ἐπεὶ)
363 2867 508 3023 elppaptim
529 2867 704 3022 triperpi5iS,
726 2868 904 2938 seminibus
923 2869 1112 2938 orbiculatis
1133 2869 1280 2958 margine
1297 2869 1522 2939 subundutatis

296 2979 370 3024 .c.
420 2967 602 3024 cassta.
644 2993 680 3023 =.

293 3063 371 3122 Hab.
400 3063 428 3120 in
458 3063 582 3122 collibus
601 3065 631 3120 et
649 3063 737 3122 cultis
754 3063 846 3140 Cypri
865 3061 961 3142 (Ky!)
985 3062 1080 3140 Syrie
1098 3065 1237 3124 littoralis
1259 3063 1297 3123 ad
1320 3063 1482 3141 Berytlrnm
1497 3066 1523 3120 et

248 3149 506 3301 {prpprressrabilll
526 3149 623 3211 Gaill!
642 3150 703 3226 Ky.
727 3171 789 3212 exs.
808 3149 918 3232 9191),
945 3155 974 3213 in
993 3152 1119 3214 Galilaea
1137 3155 1218 3216 eirca
1245 3155 1352 3214 Jeunin
1372 3149 1515 3239 (Boissll.

293 3339 432 3415 Oarpella
450 3341 493 3398 eis
521 3339 558 3402 Ν.
589 3339 749 3404 Orientalis
767 3341 910 3402 breviora
927 3341 1035 3402 latiora
1052 3343 1140 3402 valdo
1164 3342 1351 3419 divergentia
1374 3344 1429 3404 sed
1446 3345 1522 3401 rocta

247 3430 347 3490 nervis
365 3429 533 3490 dorsalibus
549 3433 637 3492 valde
653 3433 899 3510 prominentibus.

293 3669 342 3736 N.
362 3669 641 3736 corniculata
667 3673 732 3754 (ne.
754 3668 837 3758 Syst.
863 3667 889 3750 1,
911 3687 942 3756 p.
976 3665 1054 3752 316)
1084 3666 1210 3734 laciniis
1231 3666 1382 3734 loliorum
1403 3660 1521 3733 lineari·

250 3756 325 3838 bue,
347 3755 462 3844 sepelis
482 3755 625 3823 albo-bis
650 3755 711 3823 ldis
731 3755 915 3844 patentibus
934 3755 1035 3823 ovatis
1055 3755 1247 3823 acuminatis
1260 3755 1328 3823 basi
1342 3749 1520 3830 attenuatis,

251 3843 365 3932 petalis
370 3895 439 3926 .....
460 3845 608 3932 carpellis
627 3777 684 3912 §.5
703 3844 824 3930 glabris
845 3843 912 3911 basi
935 3843 1058 3911 coalitis
1082 3843 1325 3930 divergcntibus
1345 3843 1436 3932 apice
1454 3857 1521 3906 cur·

251 3931 471 3999 vato-reflexis
491 3931 524 3998 in
544 3943 649 4000 rostra
662 3934 756 4020 longa
776 3943 908 4000 arcuata
928 3932 1136 4016 abeuntibus,
1158 3931 1337 3999 seminibus
1357 3930 1469 4020 planis.

296 4037 375 4096 Hah.
392 4038 422 4096 in
440 4030 585 4097 Oriente?

296 4137 419 4213 Species
437 4139 529 4200 dubia
545 4141 615 4200 olim
635 4142 663 4200 in
681 4141 757 4200 hort.
777 4139 872 4200 Paris.
892 4140 972 4200 culta
988 4145 1018 4199 et
1034 4158 1122 4217 quam
1149 4139 1178 4198 iu
1196 4139 1280 4201 herb.
1307 4141 1391 4200 Desf.
1410 4155 1465 4198 non
1481 4149 1520 4193 re·

251 4228 349 4304 perire
366 4231 467 4306 potui,
496 4231 706 4290 verosimiliter
731 4247 769 4288 cx
793 4229 916 4290 Oriente
933 4230 1062 4289 omnium
1086 4229 1253 4306 specierum
1270 4231 1412 4291 sectionis
1429 4223 1518 4305 patria

253 4317 388 4378 oriundi.
