3300 5192
877 379 943 450 456

314 527 420 588 Facies
439 525 635 601 speciminnm
651 525 797 584 minorum
818 522 848 583 V.
866 522 1021 599 armaio,
1040 521 1199 598 pednnenli
1218 521 1378 598 pollicares
1401 521 1475 584 lolia
1502 541 1551 584 sn·

269 621 419 692 perantes,
438 615 528 676 flores
546 615 606 674 illis
626 615 656 676 V.
674 613 816 688 palustris
835 611 897 672 iere
910 613 1049 687 minores,
1067 611 1167 672 calcar
1184 612 1214 671 in
1229 611 1371 688 descript.
1390 613 1485 674 citata
1497 631 1552 688 per

270 723 399 766 errorem
425 705 596 766 uncinainm
622 705 742 765 dietum.
770 701 876 762 Affinis
901 701 1096 778 praecedenti,
1114 719 1152 760 an
1170 701 1236 778 ejus
1254 701 1385 762 varietas
1394 701 1421 770 i.
1450 703 1552 763 differi

269 801 367 854 tamen
386 795 550 856 candicans
577 793 763 856 brevissimis
786 791 913 864 crassis,
931 789 1013 852 loliis
1031 791 1093 850 iere
1118 789 1301 852 radicalibns
1324 784 1376 852 vix
1406 793 1551 868 cordatis,

269 885 436 946 stolonibus
454 885 552 960 nullis,
572 885 710 960 stigmate
722 884 773 942 vix
789 881 938 942 uncinata.

313 1069 361 1136 V.
385 1067 676 1137 Griiilthiana
705 1065 820 1151 (Boiss.
850 1062 962 1150 Diagn.
992 1062 1062 1132 Ser.
1087 1063 1112 1144 l,
1133 1063 1160 1148 l,
1180 1086 1213 1153 p.
1235 1063 1293 1153 54)
1320 1067 1551 1134 exstolonosa‘l

269 1156 395 1242 glauca,
416 1155 500 1222 soliis
519 1153 682 1254 papillosis
702 1151 1045 1220 ovato-renisormibus
1063 1152 1225 1252 profunde
1245 1151 1387 1221 cordatis
1407 1155 1550 1222 crematis

269 1243 475 1326 acuminatis,
496 1241 622 1331 stipulis
640 1241 827 1308 lancoolatis
847 1241 942 1325 longe
962 1240 1147 1322 fimbriatis,
1173 1241 1310 1309 iloribns
1329 1242 1472 1330 pallidis,
1499 1265 1549 1310 se-

269 1332 349 1421 palis
368 1331 517 1418 oblongis
536 1329 765 1398 obtusiuseulis
783 1329 961 1418 papillosis,
989 1329 1113 1396 calcare
1137 1339 1226 1398 recto
1251 1330 1367 1418 sepelis
1386 1331 1547 1419 longiore,

270 1421 417 1508 stigmate
437 1419 578 1486 breviter
597 1418 749 1486 uncinata
787 1429 833 1494 tt.

314 1527 391 1588 Hab.
410 1527 439 1586 in
458 1523 618 1601 Affgbanid
634 1525 715 1584 cirea
727 1519 859 1584 Pnschnt
876 1518 1010 1599 (Grllill.

315 1630 438 1706 Species
457 1647 494 1688 ex
510 1625 672 1703 specimine
690 1627 871 1702 incompleta
892 1625 1043 1700 descripta
1069 1631 1098 1685 et
1121 1625 1245 1684 ulterius
1263 1625 1458 1704 inquirenda,
1478 1626 1550 1687 lolia

270 1722 361 1796 longe
379 1719 523 1795 petiolata
539 1718 594 1777 sub
612 1715 728 1776 anthesi
746 1716 912 1791 pollicaria,
924 1715 1050 1789 abrupte
1062 1715 1240 1792 acuminata,
1259 1716 1349 1776 dores
1365 1716 1424 1776 illis
1444 1717 1472 1778 V.
1484 1718 1548 1777 cdo·

270 1816 342 1872 roto
358 1809 447 1885 panlo
468 1808 608 1884 minores,
627 1806 830 1866 indumentum
847 1805 936 1865 totins
949 1803 1058 1880 planta
1073 1805 1231 1882 popillano.

642 2023 666 2106 †
690 2023 710 2102 †
734 2025 839 2086 Potula
855 2017 1030 2086 intermedia
1046 2025 1181 2084 barbata.

772 2228 804 2272 ι.
832 2211 1050 2270 Exstolonosae.

315 2397 499 2465 vberae
519 2395 567 2480 (t.
583 2395 637 2484 Sp.
659 2395 760 2483 tant)
783 2395 890 2463 radice
910 2415 974 2462 non
995 2393 1177 2476 articulati,
1199 2394 1283 2460 loliis
1303 2394 1406 2461 oratis
1427 2395 1476 2459 vcl
1495 2393 1548 2459 ob·

275 2484 491 2570 longo-ovatis
509 2484 643 2552 hirsutis
662 2485 821 2574 profundo
848 2483 1008 2564 cordatis,
1035 2481 1162 2572 petiolis
1191 2481 1280 2570 apice
1307 2502 1372 2548 non
1399 2481 1546 2565 dilatatis,

275 2573 399 2661 stipulis
418 2573 518 2639 ovatis
537 2575 584 2639 vel
605 2573 792 2640 lancoolatis
811 2570 1013 2671 fimbriisque
1033 2571 1181 2657 margine
1198 2570 1319 2657 glabris
1331 2570 1419 2638 hisce
1432 2569 1549 2637 dianae

275 2672 519 2817 ῑνοᾶὃέενθνεο
532 2661 657 2750 stipulae
671 2661 888 2744 brevioribus,
901 2661 1038 2727 ilorrbus
1050 2658 1200 2728 violaceis
1213 2659 1358 2728 inodoris
1378 2670 1407 2736 tt
1419 2711 1425 2725 .
1448 2658 1547 2726 Rchb.

318 2855 396 2916 Hab.
415 2856 444 2913 in
462 2855 552 2914 siccis
567 2853 675 2913 montis
692 2851 789 2914 Athos
807 2849 859 2936 (ex
876 2851 996 2934 siben),
1021 2853 1128 2914 montis
1145 2851 1240 2911 Hami
1255 2851 1395 2913 Thracia
1412 2853 1503 2929 (Fris.
1515 2871 1550 2911 ex

275 2941 418 3024 Griseb.),
432 2943 578 3004 Anatoliae
594 2944 632 3002 ad
650 2941 807 3002 Mersiwan
827 2940 925 3022 (Wied
936 2945 968 3020 l),
987 2942 1134 3003 Armeniae
1152 2941 1289 3002 Turcicae
1306 2933 1439 3018 (Calvi),
1460 2942 1548 3002 Geor·

275 3035 331 3110 giae
348 3032 517 3094 Caucasiae
533 3039 562 3092 et
579 3031 705 3094 Caucasi
719 3029 795 3115 (ΜΒ.
812 3022 938 3092 Heben!
959 3035 1014 3095 snb
1035 3033 1066 3094 V.
1089 3032 1268 3110 campestri).

318 3134 375 3199 Ar.
399 3143 519 3214 deogr.
543 3136 674 3213 Europa,
693 3135 811 3198 Sibiria.

318 3377 366 3443 V.
392 3376 664 3460 campestris
693 3373 772 3460 (ΜΒ.
796 3375 820 3455 l,
843 3395 874 3463 p.
897 3373 974 3443 ill.
998 3375 1039 3460 ll,
1060 3397 1090 3464 p.
1114 3374 1193 3478 tou)
1219 3375 1326 3442 radice
1345 3395 1412 3443 non
1431 3375 1545 3442 articu-

275 3466 351 3546 laid,
384 3462 468 3529 loliis
487 3461 681 3529 tomentellis
701 3461 850 3549 oblongis
869 3463 1086 3548 subcordatis,
1118 3463 1246 3552 petiolis
1275 3463 1367 3552 apice
1397 3463 1543 3544 dilatatis,

275 3551 402 3640 stipulis
422 3551 609 3633 lancoolatis
627 3549 819 3618 acuminatis
839 3551 978 3620 fimbriis
1003 3573 1043 3618 ue
1062 3551 1209 3640 margine
1233 3551 1354 3638 glabris
1373 3551 1462 3620 hisce
1479 3552 1544 3619 dia·

276 3651 379 3708 metro
399 3649 582 3706 transverso
602 3639 727 3728 stipulae
747 3639 965 3724 brevioribus,
1015 3640 1127 3709 oribus
1152 3639 1296 3709 odoratis
1320 3639 1470 3709 violaceis
1500 3651 1540 3716 tt.

283 3729 317 3796 V.
332 3728 485 3816 ambigua
506 3727 557 3796 lV.
582 3727 618 3794 ll.
642 3749 707 3795 non
727 3727 859 3796 differre
878 3729 1015 3796 videtur.

320 3835 396 3894 Hab.
415 3833 445 3890 in
463 3835 556 3907 pratis
578 3833 666 3894 siccis
682 3833 802 3892 Tauria
820 3833 898 3912 (ΜΒ.
917 3833 1023 3913 diem),
1048 3833 1195 3894 Armeniae
1213 3834 1251 3893 ad
1268 3833 1392 3894 'Portum
1414 3831 1541 3913 (Hnetll.

321 3925 347 3982 A
365 3923 401 3984 ol.
414 3922 574 3983 Mareohall
591 3929 620 3982 et
637 3923 746 3982 Steven
765 3941 821 3999 pro
839 3925 919 3985 bonai
934 3925 1045 4000 speeie,
1065 3943 1083 3982 a
1098 3923 1197 3982 multis
1215 3929 1314 3982 antem
1333 3939 1387 3999 pro
1407 3925 1542 3984 varietate

275 4011 468 4090 precedentis
495 4011 607 4072 habita.
638 4013 743 4072 Vivam
764 4030 822 4071 non
850 4014 1023 4092 observavi,
1043 4019 1120 4074 nolte
1137 4013 1349 4074 differentiales
1375 4019 1442 4074 sunt
1458 4015 1542 4074 indu-

275 4107 400 4162 mentum
419 4107 448 4162 et
466 4101 538 4160 folia
557 4103 604 4160 vix
623 4102 747 4164 cordata
762 4101 792 4161 in
808 4105 950 4180 petiolum
970 4103 1167 4163 decurrentia.

319 4188 376 4251 Ar.
401 4199 524 4269 (iacgr.
550 4192 671 4268 Europa
689 4193 796 4254 media.

317 4403 364 4469 V.
377 4403 573 4470 Mmena
594 4401 708 4488 (boiss.
729 4411 761 4468 ot
781 4401 864 4467 Huet
883 4401 997 4488 [linga.
1020 4402 1088 4470 Ser.
1114 4401 1155 4485 ll,
1176 4401 1213 4483 V,
1234 4425 1267 4491 p.
1283 4403 1340 4494 48)
1362 4404 1538 4472 radicenon

273 4490 455 4572 articulati,
482 4489 566 4557 soliis
592 4489 692 4556 oratis
719 4489 790 4556 sinu
816 4489 977 4578 profundo
1001 4490 1142 4558 cordatis
1161 4492 1300 4560 creantis
1319 4491 1457 4561 breviter
1475 4491 1537 4558 bir-

274 4578 326 4662 tis,
347 4577 473 4666 petiolis
494 4589 672 4645 retrorsum
692 4577 820 4645 birtulis
841 4578 1015 4666 epicenon
1035 4578 1188 4662 dilatatis,
1213 4581 1340 4669 stipulis
1362 4578 1537 4650 lancoolatis
