3204 5196
850 365 916 434 896

293 508 368 568 Hah.
386 509 416 566 in
435 507 561 568 desertis
585 509 711 585 AEgypti
740 509 889 568 interioris
907 510 1026 582 (Forsk.
1048 511 1146 572 Wiest
1170 531 1233 573 exs.
1256 513 1336 579 582!
1353 510 1385 599 ),
1408 516 1528 576 Arabiae

248 597 361 656 Petrese
386 596 535 674 (Scirimp.
558 615 620 656 ens.
645 593 908 674 1971801001),
935 599 1067 676 Assyriae
1091 603 1129 660 ad
1156 603 1268 663 11000111
1284 603 1379 686 (Nost
1399 607 1432 684 ),
1462 607 1532 666 iuter

250 686 359 746 hiessui
378 697 408 745 et
424 687 549 761 Bsgdad
569 685 695 768 101111).
713 689 759 746 Fl.
778 705 859 746 1010.

294 789 401 848 Facies
418 788 452 848 Ε.
472 789 668 864 bryonioesolia'
685 789 738 848 sed
757 789 841 847 radix
857 806 959 848 crassa
977 791 1126 864 perennis,
1141 789 1213 850 folia
1230 795 1530 867 glabreseentiaear·

250 895 325 936 nosa
342 879 437 936 minas
455 879 548 936 incisa
564 897 600 936 ea
615 877 722 938 Salvio
737 878 903 937 verbenaca.
921 877 1098 953 referentia,
1119 881 1219 940 caules
1237 885 1452 944 ramosissimi.

740 1115 758 1150 1
781 1114 799 1148 ³*
824 1115 1045 1190 hlonocarpica.

268 1311 337 1384 Ἤ.
357 1313 717 1400 bryontaetottum
749 1312 864 1397 (60100.
888 1313 1000 1398 Diagn.
1022 1310 1091 1378 Ser.
1120 1312 1151 1392 l,
1182 1312 1214 1392 l,
1243 1333 1273 1398 p.
1302 1310 1361 1400 61)
1383 1314 1534 1380 caulibus

251 1401 537 1491 procumbentibus
557 1399 698 1466 breviter
717 1412 748 1466 01
766 1411 945 1468 retrorsum
965 1399 1170 1480 tomentellis,
1192 1400 1277 1466 soliis
1297 1400 1464 1487 utrinque
1485 1403 1535 1468 ad·

250 1513 360 1580 presse
381 1490 530 1556 0011010-
543 1488 688 1575 srgyteis
709 1488 904 1554 radicalibus
927 1487 1114 1587 subplicatis
1144 1487 1398 1554 cordatoovatis
1426 1489 1536 1556 obtuse

251 1580 391 1646 crenatis
410 1576 554 1644 indivisis
574 1577 620 1640 vel
635 1577 793 1642 trilobatis
805 1587 860 1642 aut
872 1575 1041 1662 tripartitis
1055 1574 1130 1641 lobo
1142 1575 1302 1661 superiori
1316 1595 1407 1662 saepe
1423 1575 1536 1652 inciso„

251 1668 335 1735 loliis
354 1665 576 1753 superioribus
595 1663 763 1730 diminutis
783 1663 909 1730 acutius
922 1662 1037 1729 lobatis
1050 1661 1227 1748 partitisve,
1249 1662 1453 1749 pedunculis
1467 1665 1536 1730 sub-

252 1755 384 1822 triiloris
404 1752 566 1842 pedicellis
586 1751 784 1818 brevissimis
796 1750 941 1830 dederis,
962 1748 1102 1816 bracteis
1115 1749 1248 1816 minutis
1261 1750 1537 1836 triangularibus,

252 1842 369 1997 sepelis
388 1843 486 1908 dense
515 1839 702 1906 tomentosis
730 1837 948 1918 mucronatis,
981 1837 1095 1925 petalis
1124 1838 1226 1904 roseis
1251 1838 1404 1923 oblongis
1435 1841 1538 1928 calyce

252 1953 289 1998 su
315 1928 533 2014 longioribus,
559 1927 731 1993 filamentis
758 1926 922 1994 sterilibus
951 1925 1041 2012 apice
1067 1925 1258 2012 penicillatis
1283 1925 1456 1993 fertilibus
1477 1927 1537 1994 basi

250 2017 398 2105 oblongis
417 2015 532 2083 ciliatis
556 2013 792 2082 subbidentatis
823 2013 914 2080 aice
942 2013 1144 2095 lanceolatis,
1165 2012 1297 2079 valvulis
1326 2014 1427 2101 apice
1460 2015 1539 2103 plica

248 2105 407 2174 destitutis
434 2115 481 2180 11.
504 2103 544 2168 Ε.
568 2101 811 2189 Kotsolrponam
857 2101 960 2168 oecbel
980 2099 1013 2166 in
1033 2101 1075 2187 pl.
1100 2100 1229 2166 Kotscb.

294 2202 371 2260 Hah.
388 2197 418 2258 in
436 2199 561 2257 desertis
578 2195 704 2270 AEgypti
722 2197 761 2254 ad
778 2195 950 2271 pyramides
967 2188 1034 2278 (Ky
1052 2211 1115 2253 exs.
1133 2189 1232 2275 1601)
1251 2195 1364 2252 deserti
1385 2197 1534 2256 Arabiae

253 2288 427 2367 AEgyptisei
442 2285 606 2344 Thebaidis
628 2273 781 2368 (Humi),
800 2284 867 2359 jugi
895 2283 1029 2344 Sinaitiei
1052 2282 1159 2358 (Anah.
1181 2300 1246 2342 exs.
1271 2278 1381 2344 2087!
1399 2283 1532 2361 Schimp.

254 2397 315 2440 exs.
332 2375 394 2439 201
412 2375 420 2437 1
440 2371 578 2458 Boiss'l),
597 2373 706 2432 Persia
722 2374 760 2443 ad
779 2373 919 2432 Teheran
953 2371 1003 2448 Ky
1019 2389 1082 2430 exs.
1101 2369 1196 2452 161),
1213 2371 1253 2430 ad
1270 2373 1403 2448 Ispahan
1425 2368 1532 2456 (Auch.

252 2486 315 2528 exs.
333 2455 478 2544 42991),
496 2463 534 2522 ad
561 2462 693 2522 Kerman
711 2467 740 2521 et
756 2461 839 2522 Yazd
858 2457 932 2543 (Bge
962 2465 988 2538 ),
1008 2462 1036 2520 in
1055 2461 1214 2538 hffghsuisi
1235 2459 1327 2536 (Grih'
1338 2461 1390 2540 l),
1415 2464 1532 2524 Belum·
1599 2525 1601 2532 ,

253 2557 322 2618 ehis
340 2543 476 2636 (Stoeksl
491 2544 515 2636 )
531 2553 578 2612 st.
595 2568 675 2610 rere.

296 2647 391 2706 Valde
411 2645 498 2706 aliine
516 2641 626 2718 speciei
648 2641 783 2718 sequenti
801 2640 854 2698 sed
871 2643 979 2712 praeter
997 2645 1082 2698 notas
1101 2639 1248 2700 indicatas
1266 2638 1340 2699 folia
1357 2642 1461 2701 minue
1478 2642 1533 2700 dis-

252 2743 344 2811 seets,
367 2735 466 2812 petala
485 2731 632 2794 breviora.

292 2832 327 2915 β.
351 2829 474 2896 mom.
496 2825 608 2894 Cautes
628 2821 766 2908 elongati
787 2820 859 2908 pilis
877 2819 1078 2906 longioribus
1103 2822 1374 2908 patulo-redenis
1393 2823 1531 2912 hispidi,

250 2919 398 3006 pedicelli
418 2917 524 3004 calyce
543 2911 724 3000 quadruplo
744 2909 919 2995 longiores.

294 3015 372 3072 Hah.
393 3013 423 3070 in
439 3011 541 3070 Persii
558 3007 681 3064 australi
700 3003 795 3062 Aueh.
815 3019 877 3062 exs.
897 2991 1039 3078 11961).

293 3103 398 3161 Petala
415 3117 474 3160 non
494 3097 570 3172 vidi,
590 3093 718 3153 stamina
733 3091 808 3167 typi.

291 3317 334 3386 E.
354 3305 722 3400 oxyrrhynohum
741 3299 819 3388 (ΜΒ.
834 3299 931 3367 Taur.
954 3297 1048 3367 Cauc.
1073 3299 1114 3380 ll,
1135 3321 1167 3388 p.
1189 3298 1271 3388 133)
1291 3300 1446 3367 caulibus
1458 3321 1531 3388 pro-

247 3401 472 3472 cumbentthus
490 3397 615 3464 minute
635 3403 664 3461 et
684 3391 823 3478 crispule
844 3387 1029 3476 puberulis,
1051 3387 1135 3454 loliis
1155 3387 1279 3454 ambitu
1298 3387 1458 3474 oblongis
1478 3390 1532 3456 ad·

245 3513 355 3582 presse
375 3484 619 3558 canescentibus
642 3477 852 3546 interioribus
871 3475 1011 3543 cordatis
1030 3475 1170 3542 crenatis
1191 3475 1317 3542 trilohis
1335 3477 1385 3542 vel
1407 3475 1532 3564 tripar-

246 3581 312 3650 titis
343 3577 425 3646 lobis
456 3574 568 3640 obtuse
600 3567 730 3649 incisis,
770 3586 808 3632 su
832 3563 994 3630 erioribus
1024 3561 1193 3651 tripartitis
1223 3564 1272 3630 vel
1302 3561 1532 3650 pinnatissctis

245 3668 396 3735 dentibus
415 3657 636 3740 acutiusculis,
657 3585 848 3746 peduncuiis
868 3650 928 3717 ht
941 3650 1044 3734 lloris,
1064 3650 1228 3738 pedicellis
1241 3650 1361 3718 fruetis.
1377 3652 1530 3734 deflexis,

243 3779 277 3826 se
302 3755 360 3822 alis
379 3753 530 3839 adpresse
548 3741 796 3815 canescentibus
815 3739 1015 3806 mucronatis
1035 3739 1248 3821 mucronatis
1269 3737 1383 3826 petalis
1402 3759 1531 3827 purpu-

244 3866 308 3913 rers
328 3838 471 3910 obovatis
490 3837 596 3924 calyce
617 3825 942 3920 sesquilongioribus,
964 3825 1135 3894 filamentis
1155 3825 1340 3894 lanceolatis
1361 3826 1531 3895 fertilibus

244 3935 284 4002 ad
304 3929 446 3998 medium
488 3944 561 3992 arce
582 3919 748 4000 ciliolatis,
776 3913 909 3983 valvulis
937 3936 955 3982 a
979 3914 1026 3982 ice
1050 3914 1134 4001 plica
1153 3919 1334 3981 transversa
1353 3913 1531 3984 instructis

247 4030 283 4102 Q)
306 4020 353 4086 vel
374 4019 427 4102 0.
476 4012 549 4080 urb.
572 4009 660 4077 Ceut.
676 4007 719 4090 ll,
738 4026 771 4093 p.
787 4004 842 4086 dl,
864 4003 930 4068 tab.
946 3935 1133 4157 itihmala).
1155 4001 1197 4067 Ε.
1219 4010 1386 4090 pottotom
1399 4002 1527 4069 Ledeb.

244 4109 291 4176 Fl.
316 4108 406 4174 Ross.
431 4102 456 4184 l,
477 4121 508 4253 p.
530 4096 596 4164 478
615 4106 647 4163 et
665 4093 762 4162 berbi
785 4113 849 4160 non
869 4110 919 4159 nc.
935 4089 976 4156 Ε.
1023 4090 1211 4156 ohenaclcerr'
1230 4090 1346 4158 ledeb.
1363 4087 1410 4156 ll.
1429 4090 1527 4159 Ross.

462 4209 478 4254 r

246 4199 269 4264 l·
291 4187 559 4360 ciiiiaeinheiolliirus
578 4297 608 4350 et
625 4289 761 4348 arenosis
785 4287 893 4359 salsis,
911 4284 1051 4345 Armenia
1075 4286 1204 4347 Rossiea
1223 4285 1362 4363 (Kowall
1382 4279 1533 4372 8110111),

247 4391 346 4452 iberia
363 4383 519 4448 orientalis
536 4381 575 4440 ad
592 4379 711 4438 fluvium
727 4375 836 4454 Oyrum
858 4371 956 4456 (ΜΒ.)
974 4373 1065 4434 (iuria
1084 4383 1113 4433 et
1128 4393 1212 4451 prov.
1228 4375 1369 4436 Schirvan
1389 4374 1529 4455 (Eiehw.

248 4479 354 4540 Hohen
365 4479 401 4551 1),
420 4491 504 4550 prov.
525 4465 709 4543 hderbidjau
727 4465 838 4525 Persica
856 4467 921 4526 bor.
938 4465 977 4524 ad
993 4463 1072 4523 Khoi
1090 4452 1235 4546 (Szowl),
1251 4463 1460 4525 Taskestania
1472 4469 1531 4528 bo·

249 4569 337 4629 realis
353 4563 474 4640 (Lehml
486 4562 508 4637 ).
527 4558 575 4618 st.
594 4553 776 4629 Msrt.-Apr.
