<?xml version="1.0" encoding="UTF-8"?>
<!DOCTYPE html PUBLIC "-//W3C//DTD XHTML 1.0 Transitional//EN"
    "http://www.w3.org/TR/xhtml1/DTD/xhtml1-transitional.dtd">
<html xmlns="http://www.w3.org/1999/xhtml" xml:lang="en" lang="en">
 <head>
  <title>
</title>
<meta http-equiv="Content-Type" content="text/html;charset=utf-8" />
  <meta name='ocr-system' content='tesseract 3.04.00' />
  <meta name='ocr-capabilities' content='ocr_page ocr_carea ocr_par ocr_line ocrx_word'/>
</head>
<body>
  <div class='ocr_page' id='page_1' title='image "./floraorientalis02boisgoog_0803.png"; bbox 0 0 3228 5204; ppageno 0'>
   <div class='ocr_carea' id='block_1_1' title="bbox 255 747 1286 834">
    <p class='ocr_par' dir='ltr' id='par_1_1' title="bbox 255 747 1286 834">
     <span class='ocr_line' id='line_1_1' title="bbox 255 747 1286 834; baseline 0 -2"><span class='ocrx_word' id='word_1_1' title='bbox 255 757 379 832; x_wconf 76' lang='grc' dir='ltr'><strong>ΟΜ).</strong></span> <span class='ocrx_word' id='word_1_2' title='bbox 410 757 519 830; x_wconf 86' lang='lat' dir='ltr'><strong>XVl.</strong></span> <span class='ocrx_word' id='word_1_3' title='bbox 540 756 930 833; x_wconf 80' lang='lat' dir='ltr'><strong>PORTULACEAE.</strong></span> <span class='ocrx_word' id='word_1_4' title='bbox 954 759 1056 834; x_wconf 72' lang='lat' dir='ltr'><strong>Juss.</strong></span> <span class='ocrx_word' id='word_1_5' title='bbox 1078 747 1171 834; x_wconf 85' lang='lat' dir='ltr'><strong>Gen.</strong></span> <span class='ocrx_word' id='word_1_6' title='bbox 1194 756 1286 832; x_wconf 75' lang='lat'><strong>512.</strong></span> 
     </span>
    </p>
   </div>
   <div class='ocr_carea' id='block_1_2' title="bbox 126 1029 1419 2016">
    <p class='ocr_par' dir='ltr' id='par_1_2' title="bbox 126 1029 1419 2016">
     <span class='ocr_line' id='line_1_2' title="bbox 176 1029 1414 1128; baseline 0.009 -33"><span class='ocrx_word' id='word_1_7' title='bbox 176 1029 286 1099; x_wconf 80' lang='lat' dir='ltr'><strong>Floras</strong></span> <span class='ocrx_word' id='word_1_8' title='bbox 305 1033 473 1116; x_wconf 74' lang='lat' dir='ltr'><strong>regulares</strong></span> <span class='ocrx_word' id='word_1_9' title='bbox 492 1035 761 1126; x_wconf 82' lang='lat' dir='ltr'><strong>hermaphroditi.</strong></span> <span class='ocrx_word' id='word_1_10' title='bbox 784 1037 878 1128; x_wconf 76' lang='lat' dir='ltr'><strong>Calyn</strong></span> <span class='ocrx_word' id='word_1_11' title='bbox 898 1038 1096 1106; x_wconf 82' lang='lat' dir='ltr'><strong>aeslivalione</strong></span> <span class='ocrx_word' id='word_1_12' title='bbox 1116 1037 1307 1105; x_wconf 80' lang='lat' dir='ltr'><strong>imbricatae</strong></span> <span class='ocrx_word' id='word_1_13' title='bbox 1326 1035 1414 1106; x_wconf 68' lang='lat' dir='ltr'><strong>lra-</strong></span> 
     </span>
     <span class='ocr_line' id='line_1_3' title="bbox 129 1119 1415 1216; baseline 0.005 -29"><span class='ocrx_word' id='word_1_14' title='bbox 129 1121 202 1187; x_wconf 90' lang='lat' dir='ltr'><strong>rins</strong></span> <span class='ocrx_word' id='word_1_15' title='bbox 214 1119 273 1188; x_wconf 83' lang='lat'><strong>3-5</strong></span> <span class='ocrx_word' id='word_1_16' title='bbox 285 1122 424 1209; x_wconf 78' lang='lat' dir='ltr'><strong>senalus.</strong></span> <span class='ocrx_word' id='word_1_17' title='bbox 448 1122 555 1192; x_wconf 84' lang='lat' dir='ltr'><strong>Pelala</strong></span> <span class='ocrx_word' id='word_1_18' title='bbox 574 1123 595 1191; x_wconf 90' lang='lat'>5</span> <span class='ocrx_word' id='word_1_19' title='bbox 615 1125 721 1194; x_wconf 90' lang='lat' dir='ltr'><strong>rarius</strong></span> <span class='ocrx_word' id='word_1_20' title='bbox 740 1124 795 1194; x_wconf 71' lang='grc'><strong>4-6</strong></span> <span class='ocrx_word' id='word_1_21' title='bbox 814 1126 986 1216; x_wconf 77' lang='lat' dir='ltr'><strong>hypogyna</strong></span> <span class='ocrx_word' id='word_1_22' title='bbox 1005 1127 1053 1194; x_wconf 89' lang='lat' dir='ltr'><strong>vel</strong></span> <span class='ocrx_word' id='word_1_23' title='bbox 1074 1127 1231 1216; x_wconf 80' lang='lat' dir='ltr'><strong>perigyna</strong></span> <span class='ocrx_word' id='word_1_24' title='bbox 1250 1125 1319 1194; x_wconf 90' lang='lat' dir='ltr'><strong>basi</strong></span> <span class='ocrx_word' id='word_1_25' title='bbox 1339 1126 1415 1194; x_wconf 88' lang='lat' dir='ltr'><strong>bre·</strong></span> 
     </span>
     <span class='ocr_line' id='line_1_4' title="bbox 128 1209 1416 1305; baseline 0.006 -29"><span class='ocrx_word' id='word_1_26' title='bbox 128 1209 214 1276; x_wconf 84' lang='lat' dir='ltr'><strong>viter</strong></span> <span class='ocrx_word' id='word_1_27' title='bbox 243 1220 379 1278; x_wconf 76' lang='lat' dir='ltr'><strong>connata</strong></span> <span class='ocrx_word' id='word_1_28' title='bbox 409 1211 508 1301; x_wconf 82' lang='lat' dir='ltr'><strong>oalyoi</strong></span> <span class='ocrx_word' id='word_1_29' title='bbox 540 1213 673 1282; x_wconf 72' lang='lat' dir='ltr'><strong>inserta.</strong></span> <span class='ocrx_word' id='word_1_30' title='bbox 706 1212 851 1283; x_wconf 81' lang='lat' dir='ltr'><strong>Stamina</strong></span> <span class='ocrx_word' id='word_1_31' title='bbox 876 1215 946 1283; x_wconf 91' lang='lat' dir='ltr'><strong>basi</strong></span> <span class='ocrx_word' id='word_1_32' title='bbox 970 1215 1084 1305; x_wconf 79' lang='lat' dir='ltr'><strong>petalis</strong></span> <span class='ocrx_word' id='word_1_33' title='bbox 1112 1215 1230 1283; x_wconf 87' lang='lat' dir='ltr'><strong>adnata</strong></span> <span class='ocrx_word' id='word_1_34' title='bbox 1255 1231 1343 1282; x_wconf 87' lang='lat' dir='ltr'><strong>nnnc</strong></span> <span class='ocrx_word' id='word_1_35' title='bbox 1369 1215 1416 1284; x_wconf 88' lang='lat' dir='ltr'><strong>eis</strong></span> 
     </span>
     <span class='ocr_line' id='line_1_5' title="bbox 128 1298 1416 1404; baseline 0.005 -40"><span class='ocrx_word' id='word_1_36' title='bbox 128 1298 280 1399; x_wconf 73' lang='lat' dir='ltr'><strong>opposita</strong></span> <span class='ocrx_word' id='word_1_37' title='bbox 307 1309 339 1399; x_wconf 71' lang='lat' dir='ltr'><strong>el</strong></span> <span class='ocrx_word' id='word_1_38' title='bbox 364 1320 502 1367; x_wconf 87' lang='lat' dir='ltr'><strong>numero</strong></span> <span class='ocrx_word' id='word_1_39' title='bbox 527 1302 666 1404; x_wconf 85' lang='lat' dir='ltr'><strong>aequalia</strong></span> <span class='ocrx_word' id='word_1_40' title='bbox 690 1324 778 1372; x_wconf 86' lang='lat' dir='ltr'><strong>nune</strong></span> <span class='ocrx_word' id='word_1_41' title='bbox 804 1325 992 1372; x_wconf 90' lang='lat' dir='ltr'><strong>numerosa.</strong></span> <span class='ocrx_word' id='word_1_42' title='bbox 1026 1303 1177 1373; x_wconf 88' lang='lat' dir='ltr'><strong>Ovarium</strong></span> <span class='ocrx_word' id='word_1_43' title='bbox 1202 1303 1344 1371; x_wconf 84' lang='lat' dir='ltr'><strong>liberum</strong></span> <span class='ocrx_word' id='word_1_44' title='bbox 1367 1305 1416 1373; x_wconf 87' lang='lat' dir='ltr'><strong>vel</strong></span> 
     </span>
     <span class='ocr_line' id='line_1_6' title="bbox 129 1388 1416 1482; baseline 0.005 -29"><span class='ocrx_word' id='word_1_45' title='bbox 129 1389 232 1476; x_wconf 83' lang='lat' dir='ltr'><strong>calyor</strong></span> <span class='ocrx_word' id='word_1_46' title='bbox 260 1388 496 1456; x_wconf 82' lang='lat' dir='ltr'><strong>semiadnalurn</strong></span> <span class='ocrx_word' id='word_1_47' title='bbox 521 1392 734 1460; x_wconf 82' lang='lat' dir='ltr'><strong>unnoeulare.</strong></span> <span class='ocrx_word' id='word_1_48' title='bbox 767 1393 867 1462; x_wconf 87' lang='lat' dir='ltr'><strong>Ovula</strong></span> <span class='ocrx_word' id='word_1_49' title='bbox 885 1391 907 1461; x_wconf 81' lang='lat'><strong>3</strong></span> <span class='ocrx_word' id='word_1_50' title='bbox 925 1394 974 1460; x_wconf 86' lang='lat' dir='ltr'><strong>vel</strong></span> <span class='ocrx_word' id='word_1_51' title='bbox 993 1395 1106 1482; x_wconf 87' lang='lat' dir='ltr'><strong>plura,</strong></span> <span class='ocrx_word' id='word_1_52' title='bbox 1132 1392 1284 1461; x_wconf 73' lang='lat' dir='ltr'><strong>funiculis</strong></span> <span class='ocrx_word' id='word_1_53' title='bbox 1303 1391 1416 1460; x_wconf 88' lang='lat' dir='ltr'><strong>liberis</strong></span> 
     </span>
     <span class='ocr_line' id='line_1_7' title="bbox 129 1474 1417 1583; baseline 0.007 -42"><span class='ocrx_word' id='word_1_54' title='bbox 129 1477 184 1542; x_wconf 90' lang='lat' dir='ltr'><strong>vel</strong></span> <span class='ocrx_word' id='word_1_55' title='bbox 203 1474 236 1542; x_wconf 92' lang='lat' dir='ltr'><strong>in</strong></span> <span class='ocrx_word' id='word_1_56' title='bbox 256 1477 440 1544; x_wconf 88' lang='lat' dir='ltr'><strong>columnam</strong></span> <span class='ocrx_word' id='word_1_57' title='bbox 459 1479 583 1548; x_wconf 81' lang='lat' dir='ltr'><strong>coalitis</strong></span> <span class='ocrx_word' id='word_1_58' title='bbox 603 1479 710 1564; x_wconf 86' lang='lat' dir='ltr'><strong>affixa,</strong></span> <span class='ocrx_word' id='word_1_59' title='bbox 732 1481 949 1571; x_wconf 81' lang='lat' dir='ltr'><strong>amphilrope.</strong></span> <span class='ocrx_word' id='word_1_60' title='bbox 972 1481 1076 1572; x_wconf 76' lang='lat' dir='ltr'><strong>Stylus</strong></span> <span class='ocrx_word' id='word_1_61' title='bbox 1095 1481 1151 1550; x_wconf 78' lang='grc'><strong>3-6</strong></span> <span class='ocrx_word' id='word_1_62' title='bbox 1164 1481 1259 1548; x_wconf 84' lang='lat' dir='ltr'><strong>sidus.</strong></span> <span class='ocrx_word' id='word_1_63' title='bbox 1281 1479 1417 1583; x_wconf 84' lang='lat' dir='ltr'><strong>Capsula</strong></span> 
     </span>
     <span class='ocr_line' id='line_1_8' title="bbox 129 1563 1417 1664; baseline 0.006 -35"><span class='ocrx_word' id='word_1_64' title='bbox 129 1563 384 1664; x_wconf 73' lang='lat' dir='ltr'><strong>membranacea</strong></span> <span class='ocrx_word' id='word_1_65' title='bbox 409 1567 456 1634; x_wconf 89' lang='lat' dir='ltr'><strong>vel</strong></span> <span class='ocrx_word' id='word_1_66' title='bbox 484 1579 650 1637; x_wconf 74' lang='lat' dir='ltr'><strong>crustaeea</strong></span> <span class='ocrx_word' id='word_1_67' title='bbox 674 1570 899 1638; x_wconf 83' lang='lat' dir='ltr'><strong>circumsoisse</strong></span> <span class='ocrx_word' id='word_1_68' title='bbox 919 1571 969 1638; x_wconf 91' lang='lat' dir='ltr'><strong>vel</strong></span> <span class='ocrx_word' id='word_1_69' title='bbox 987 1570 1085 1640; x_wconf 91' lang='lat' dir='ltr'><strong>valvis</strong></span> <span class='ocrx_word' id='word_1_70' title='bbox 1103 1580 1151 1639; x_wconf 85' lang='lat' dir='ltr'><strong>tot</strong></span> <span class='ocrx_word' id='word_1_71' title='bbox 1168 1579 1248 1659; x_wconf 89' lang='lat' dir='ltr'><strong>quot</strong></span> <span class='ocrx_word' id='word_1_72' title='bbox 1266 1571 1339 1660; x_wconf 79' lang='lat' dir='ltr'><strong>styli</strong></span> <span class='ocrx_word' id='word_1_73' title='bbox 1359 1570 1417 1637; x_wconf 87' lang='lat' dir='ltr'><strong>da-</strong></span> 
     </span>
     <span class='ocr_line' id='line_1_9' title="bbox 128 1653 1417 1814; baseline 0.005 -95"><span class='ocrx_word' id='word_1_74' title='bbox 128 1653 275 1720; x_wconf 88' lang='lat' dir='ltr'><strong>brscens.</strong></span> <span class='ocrx_word' id='word_1_75' title='bbox 309 1654 451 1744; x_wconf 75' lang='lat' dir='ltr'><strong>Embryo</strong></span> <span class='ocrx_word' id='word_1_76' title='bbox 483 1655 532 1743; x_wconf 79' lang='lat' dir='ltr'><strong>(in</strong></span> <span class='ocrx_word' id='word_1_77' title='bbox 561 1658 696 1814; x_wconf 50' lang='lat' dir='ltr'><strong>nostris)</strong></span> <span class='ocrx_word' id='word_1_78' title='bbox 727 1658 974 1748; x_wconf 83' lang='lat' dir='ltr'><strong>peripbaericus.</strong></span> <span class='ocrx_word' id='word_1_79' title='bbox 994 1699 1039 1708; x_wconf 95' lang='grc'>-</span> <span class='ocrx_word' id='word_1_80' title='bbox 1058 1659 1176 1727; x_wconf 85' lang='lat' dir='ltr'><strong>Herbae</strong></span> <span class='ocrx_word' id='word_1_81' title='bbox 1204 1659 1277 1748; x_wconf 90' lang='lat' dir='ltr'><strong>plus</strong></span> <span class='ocrx_word' id='word_1_82' title='bbox 1308 1657 1417 1726; x_wconf 90' lang='lat' dir='ltr'><strong>minus</strong></span> 
     </span>
     <span class='ocr_line' id='line_1_10' title="bbox 128 1742 1416 1838; baseline 0.005 -30"><span class='ocrx_word' id='word_1_83' title='bbox 128 1742 330 1810; x_wconf 78' lang='lat' dir='ltr'><strong>succulentae</strong></span> <span class='ocrx_word' id='word_1_84' title='bbox 351 1743 435 1811; x_wconf 86' lang='lat' dir='ltr'><strong>loliis</strong></span> <span class='ocrx_word' id='word_1_85' title='bbox 455 1745 588 1814; x_wconf 78' lang='lat' dir='ltr'>alternis</span> <span class='ocrx_word' id='word_1_86' title='bbox 608 1747 657 1814; x_wconf 87' lang='lat' dir='ltr'><strong>vel</strong></span> <span class='ocrx_word' id='word_1_87' title='bbox 688 1769 743 1816; x_wconf 88' lang='lat' dir='ltr'><strong>ere</strong></span> <span class='ocrx_word' id='word_1_88' title='bbox 763 1747 937 1837; x_wconf 55' lang='lat' dir='ltr'><strong>oppositis</strong></span> <span class='ocrx_word' id='word_1_89' title='bbox 958 1747 1156 1838; x_wconf 79' lang='lat' dir='ltr'><strong>enslipnlalis</strong></span> <span class='ocrx_word' id='word_1_90' title='bbox 1175 1748 1225 1815; x_wconf 90' lang='lat' dir='ltr'><strong>vel</strong></span> <span class='ocrx_word' id='word_1_91' title='bbox 1244 1746 1283 1814; x_wconf 83' lang='lat' dir='ltr'><strong>sti</strong></span> <span class='ocrx_word' id='word_1_92' title='bbox 1307 1747 1416 1832; x_wconf 82' lang='lat' dir='ltr'><strong>alatis,</strong></span> 
     </span>
     <span class='ocr_line' id='line_1_11' title="bbox 126 1829 1419 1933; baseline 0.005 -35"><span class='ocrx_word' id='word_1_93' title='bbox 126 1829 262 1933; x_wconf 79' lang='lat' dir='ltr'><strong>stipulis</strong></span> <span class='ocrx_word' id='word_1_94' title='bbox 291 1831 437 1931; x_wconf 77' lang='lat' dir='ltr'><strong>inpilos</strong></span> <span class='ocrx_word' id='word_1_95' title='bbox 468 1833 632 1902; x_wconf 82' lang='lat' dir='ltr'><strong>interdurn</strong></span> <span class='ocrx_word' id='word_1_96' title='bbox 660 1837 803 1905; x_wconf 80' lang='lat' dir='ltr'><strong>mutatis.</strong></span> <span class='ocrx_word' id='word_1_97' title='bbox 824 1836 973 1905; x_wconf 85' lang='lat' dir='ltr'><strong>-Ordo</strong></span> <span class='ocrx_word' id='word_1_98' title='bbox 994 1836 1198 1905; x_wconf 77' lang='lat' dir='ltr'><strong>abAbineis</strong></span> <span class='ocrx_word' id='word_1_99' title='bbox 1218 1846 1251 1904; x_wconf 87' lang='lat' dir='ltr'><strong>et</strong></span> <span class='ocrx_word' id='word_1_100' title='bbox 1298 1857 1419 1924; x_wconf 74' lang='lat' dir='ltr'><strong>oroby-</strong></span> 
     </span>
     <span class='ocr_line' id='line_1_12' title="bbox 127 1919 1352 2016; baseline 0.007 -31"><span class='ocrx_word' id='word_1_101' title='bbox 127 1919 233 1986; x_wconf 81' lang='lat' dir='ltr'><strong>obaois</strong></span> <span class='ocrx_word' id='word_1_102' title='bbox 251 1931 428 1989; x_wconf 79' lang='lat' dir='ltr'><strong>staminum</strong></span> <span class='ocrx_word' id='word_1_103' title='bbox 448 1921 525 2007; x_wconf 84' lang='lat' dir='ltr'><strong>situ,</strong></span> <span class='ocrx_word' id='word_1_104' title='bbox 546 1944 565 1991; x_wconf 87' lang='lat' dir='ltr'><strong>a</strong></span> <span class='ocrx_word' id='word_1_105' title='bbox 583 1924 792 2015; x_wconf 65' lang='lat' dir='ltr'><strong>Malloniaea&#39;e</strong></span> <span class='ocrx_word' id='word_1_106' title='bbox 810 1925 921 1996; x_wconf 85' lang='lat' dir='ltr'><strong>orario</strong></span> <span class='ocrx_word' id='word_1_107' title='bbox 940 1947 1007 1995; x_wconf 91' lang='lat' dir='ltr'><strong>non</strong></span> <span class='ocrx_word' id='word_1_108' title='bbox 1026 1935 1151 2016; x_wconf 82' lang='lat' dir='ltr'><strong>septato</strong></span> <span class='ocrx_word' id='word_1_109' title='bbox 1170 1925 1352 1994; x_wconf 79' lang='lat' dir='ltr'>discedens.</span> 
     </span>
    </p>
   </div>
   <div class='ocr_carea' id='block_1_3' title="bbox 523 2211 1037 2309">
    <p class='ocr_par' dir='ltr' id='par_1_3' title="bbox 523 2211 1037 2309">
     <span class='ocr_line' id='line_1_13' title="bbox 523 2211 1037 2309; baseline 0 -23"><span class='ocrx_word' id='word_1_110' title='bbox 523 2211 745 2288; x_wconf 79' lang='lat' dir='ltr'><strong>Ponlullcl</strong></span> <span class='ocrx_word' id='word_1_111' title='bbox 771 2213 818 2309; x_wconf 83' lang='lat' dir='ltr'><strong>(b.</strong></span> <span class='ocrx_word' id='word_1_112' title='bbox 847 2212 920 2288; x_wconf 76' lang='lat' dir='ltr'><strong>(len.</strong></span> <span class='ocrx_word' id='word_1_113' title='bbox 947 2211 1037 2308; x_wconf 75' lang='grc'><strong>602).</strong></span> 
     </span>
    </p>
   </div>
   <div class='ocr_carea' id='block_1_4' title="bbox 133 2429 1421 2856">
    <p class='ocr_par' dir='ltr' id='par_1_4' title="bbox 133 2429 1421 2856">
     <span class='ocr_line' id='line_1_14' title="bbox 182 2429 1421 2520; baseline -0.001 -22"><span class='ocrx_word' id='word_1_114' title='bbox 182 2431 275 2520; x_wconf 78' lang='lat' dir='ltr'><strong>Calyx</strong></span> <span class='ocrx_word' id='word_1_115' title='bbox 294 2432 411 2520; x_wconf 86' lang='lat' dir='ltr'><strong>sepelis</strong></span> <span class='ocrx_word' id='word_1_116' title='bbox 431 2431 452 2498; x_wconf 70' lang='lat' dir='ltr'><strong>b</strong></span> <span class='ocrx_word' id='word_1_117' title='bbox 471 2431 541 2498; x_wconf 87' lang='lat' dir='ltr'><strong>basi</strong></span> <span class='ocrx_word' id='word_1_118' title='bbox 561 2431 595 2498; x_wconf 95' lang='lat' dir='ltr'><strong>in</strong></span> <span class='ocrx_word' id='word_1_119' title='bbox 615 2431 729 2497; x_wconf 83' lang='lat' dir='ltr'><strong>tubum</strong></span> <span class='ocrx_word' id='word_1_120' title='bbox 749 2431 860 2499; x_wconf 83' lang='lat' dir='ltr'><strong>ovorio</strong></span> <span class='ocrx_word' id='word_1_121' title='bbox 879 2431 1033 2499; x_wconf 82' lang='lat' dir='ltr'><strong>adnatum</strong></span> <span class='ocrx_word' id='word_1_122' title='bbox 1052 2429 1187 2512; x_wconf 77' lang='lat' dir='ltr'><strong>coalitis,</strong></span> <span class='ocrx_word' id='word_1_123' title='bbox 1208 2439 1299 2518; x_wconf 77' lang='lat' dir='ltr'><strong>parte</strong></span> <span class='ocrx_word' id='word_1_124' title='bbox 1318 2430 1421 2498; x_wconf 79' lang='lat' dir='ltr'><strong>libera</strong></span> 
     </span>
     <span class='ocr_line' id='line_1_15' title="bbox 134 2517 1420 2610; baseline 0.001 -23"><span class='ocrx_word' id='word_1_125' title='bbox 134 2521 271 2587; x_wconf 85' lang='lat' dir='ltr'><strong>domurn</strong></span> <span class='ocrx_word' id='word_1_126' title='bbox 290 2520 439 2588; x_wconf 78' lang='lat' dir='ltr'><strong>decidua.</strong></span> <span class='ocrx_word' id='word_1_127' title='bbox 473 2521 581 2588; x_wconf 86' lang='lat' dir='ltr'><strong>Pelala</strong></span> <span class='ocrx_word' id='word_1_128' title='bbox 598 2517 675 2586; x_wconf 71' lang='grc'><strong>4-6</strong></span> <span class='ocrx_word' id='word_1_129' title='bbox 695 2540 823 2588; x_wconf 88' lang='lat' dir='ltr'><strong>surnrno</strong></span> <span class='ocrx_word' id='word_1_130' title='bbox 843 2519 958 2610; x_wconf 84' lang='lat' dir='ltr'><strong>aalyois</strong></span> <span class='ocrx_word' id='word_1_131' title='bbox 977 2518 1056 2586; x_wconf 86' lang='lat' dir='ltr'><strong>tubo</strong></span> <span class='ocrx_word' id='word_1_132' title='bbox 1075 2517 1199 2586; x_wconf 90' lang='lat' dir='ltr'><strong>inserta</strong></span> <span class='ocrx_word' id='word_1_133' title='bbox 1218 2518 1420 2608; x_wconf 83' lang='lat' dir='ltr'>staminaque</span> 
     </span>
     <span class='ocr_line' id='line_1_16' title="bbox 134 2605 1420 2698; baseline -0.001 -22"><span class='ocrx_word' id='word_1_134' title='bbox 134 2606 241 2676; x_wconf 75' lang='lat'>8-15</span> <span class='ocrx_word' id='word_1_135' title='bbox 259 2609 426 2698; x_wconf 79' lang='lat' dir='ltr'><strong>perigyna.</strong></span> <span class='ocrx_word' id='word_1_136' title='bbox 458 2608 609 2678; x_wconf 87' lang='lat' dir='ltr'><strong>Ovarium</strong></span> <span class='ocrx_word' id='word_1_137' title='bbox 629 2607 899 2676; x_wconf 81' lang='lat' dir='ltr'><strong>mulliovulatum.</strong></span> <span class='ocrx_word' id='word_1_138' title='bbox 934 2605 1251 2697; x_wconf 76' lang='lat' dir='ltr'><strong>Stylus5-6l1dus.</strong></span> <span class='ocrx_word' id='word_1_139' title='bbox 1284 2605 1420 2696; x_wconf 87' lang='lat' dir='ltr'><strong>Capsula</strong></span> 
     </span>
     <span class='ocr_line' id='line_1_17' title="bbox 135 2695 1421 2786; baseline -0.002 -21"><span class='ocrx_word' id='word_1_140' title='bbox 135 2697 387 2766; x_wconf 86' lang='lat' dir='ltr'><strong>membranacea</strong></span> <span class='ocrx_word' id='word_1_141' title='bbox 406 2697 594 2766; x_wconf 85' lang='lat' dir='ltr'><strong>semiinlera</strong></span> <span class='ocrx_word' id='word_1_142' title='bbox 613 2707 704 2786; x_wconf 78' lang='lat' dir='ltr'><strong>parte</strong></span> <span class='ocrx_word' id='word_1_143' title='bbox 724 2695 828 2764; x_wconf 79' lang='lat' dir='ltr'><strong>libera</strong></span> <span class='ocrx_word' id='word_1_144' title='bbox 845 2695 1070 2766; x_wconf 81' lang='lat' dir='ltr'><strong>circumscisse</strong></span> <span class='ocrx_word' id='word_1_145' title='bbox 1090 2695 1329 2766; x_wconf 83' lang='lat' dir='ltr'><strong>dehiscens-</strong></span> <span class='ocrx_word' id='word_1_146' title='bbox 1342 2695 1421 2764; x_wconf 89' lang='lat' dir='ltr'><strong>ller-</strong></span> 
     </span>
     <span class='ocr_line' id='line_1_18' title="bbox 133 2786 498 2856; baseline -0.003 -2"><span class='ocrx_word' id='word_1_147' title='bbox 133 2787 190 2856; x_wconf 86' lang='lat' dir='ltr'><strong>bae</strong></span> <span class='ocrx_word' id='word_1_148' title='bbox 209 2807 353 2856; x_wconf 86' lang='lat' dir='ltr'><strong>carnosae</strong></span> <span class='ocrx_word' id='word_1_149' title='bbox 372 2786 498 2856; x_wconf 82' lang='lat' dir='ltr'><strong>diffuse.</strong></span> 
     </span>
    </p>
   </div>
   <div class='ocr_carea' id='block_1_5' title="bbox 135 3022 1421 3570">
    <p class='ocr_par' dir='ltr' id='par_1_5' title="bbox 136 3022 1421 3379">
     <span class='ocr_line' id='line_1_19' title="bbox 183 3022 1419 3112; baseline -0.002 -20"><span class='ocrx_word' id='word_1_150' title='bbox 183 3025 228 3092; x_wconf 89' lang='lat' dir='ltr'><strong>P.</strong></span> <span class='ocrx_word' id='word_1_151' title='bbox 253 3025 455 3094; x_wconf 81' lang='lat' dir='ltr'><strong>oleraoea</strong></span> <span class='ocrx_word' id='word_1_152' title='bbox 484 3025 531 3109; x_wconf 83' lang='lat' dir='ltr'><strong>(L.</strong></span> <span class='ocrx_word' id='word_1_153' title='bbox 554 3023 607 3112; x_wconf 90' lang='lat' dir='ltr'><strong>Sp.</strong></span> <span class='ocrx_word' id='word_1_154' title='bbox 629 3022 707 3110; x_wconf 80' lang='grc'>638)</span> <span class='ocrx_word' id='word_1_155' title='bbox 737 3023 867 3110; x_wconf 83' lang='lat' dir='ltr'><strong>glabra,</strong></span> <span class='ocrx_word' id='word_1_156' title='bbox 899 3023 1046 3092; x_wconf 87' lang='lat' dir='ltr'><strong>caulibus</strong></span> <span class='ocrx_word' id='word_1_157' title='bbox 1072 3022 1209 3091; x_wconf 88' lang='lat' dir='ltr'><strong>ramosis</strong></span> <span class='ocrx_word' id='word_1_158' title='bbox 1259 3023 1419 3108; x_wconf 82' lang='lat' dir='ltr'><strong>rostratis,</strong></span> 
     </span>
     <span class='ocr_line' id='line_1_20' title="bbox 136 3043 1421 3198; baseline -0.001 -18"><span class='ocrx_word' id='word_1_159' title='bbox 136 3112 225 3180; x_wconf 87' lang='lat' dir='ltr'><strong>foliis</strong></span> <span class='ocrx_word' id='word_1_160' title='bbox 249 3113 394 3180; x_wconf 85' lang='lat' dir='ltr'><strong>carnosis</strong></span> <span class='ocrx_word' id='word_1_161' title='bbox 418 3112 585 3180; x_wconf 83' lang='lat' dir='ltr'><strong>sessilibus</strong></span> <span class='ocrx_word' id='word_1_162' title='bbox 609 3112 928 3198; x_wconf 74' lang='lat' dir='ltr'><strong>oboram-oblongis</strong></span> <span class='ocrx_word' id='word_1_163' title='bbox 952 3112 1054 3180; x_wconf 78' lang='lat' dir='ltr'><strong>axillis</strong></span> <span class='ocrx_word' id='word_1_164' title='bbox 1080 3112 1193 3194; x_wconf 88' lang='lat' dir='ltr'><strong>nudis,</strong></span> <span class='ocrx_word' id='word_1_165' title='bbox 1227 3043 1363 3180; x_wconf 50' lang='lat' dir='ltr'><strong>lforibus</strong></span> <span class='ocrx_word' id='word_1_166' title='bbox 1386 3110 1421 3179; x_wconf 93' lang='lat' dir='ltr'><strong>in</strong></span> 
     </span>
     <span class='ocr_line' id='line_1_21' title="bbox 136 3199 1419 3290; baseline -0.002 -21"><span class='ocrx_word' id='word_1_167' title='bbox 136 3201 348 3269; x_wconf 79' lang='lat' dir='ltr'><strong>diobolomiis</strong></span> <span class='ocrx_word' id='word_1_168' title='bbox 371 3201 556 3284; x_wconf 88' lang='lat' dir='ltr'><strong>sessilibus,</strong></span> <span class='ocrx_word' id='word_1_169' title='bbox 589 3201 704 3290; x_wconf 82' lang='lat' dir='ltr'><strong>sepelis</strong></span> <span class='ocrx_word' id='word_1_170' title='bbox 724 3200 940 3289; x_wconf 79' lang='lat' dir='ltr'><strong>inaequalibus</strong></span> <span class='ocrx_word' id='word_1_171' title='bbox 959 3200 1083 3269; x_wconf 83' lang='lat' dir='ltr'><strong>obtusis</strong></span> <span class='ocrx_word' id='word_1_172' title='bbox 1102 3201 1162 3268; x_wconf 91' lang='lat' dir='ltr'><strong>sub</strong></span> <span class='ocrx_word' id='word_1_173' title='bbox 1183 3221 1201 3267; x_wconf 91' lang='lat' dir='ltr'><strong>a</strong></span> <span class='ocrx_word' id='word_1_174' title='bbox 1225 3199 1274 3268; x_wconf 87' lang='lat' dir='ltr'><strong>iee</strong></span> <span class='ocrx_word' id='word_1_175' title='bbox 1294 3199 1419 3268; x_wconf 86' lang='lat' dir='ltr'><strong>carina·</strong></span> 
     </span>
     <span class='ocr_line' id='line_1_22' title="bbox 138 3221 1239 3379; baseline -0.003 -21"><span class='ocrx_word' id='word_1_176' title='bbox 138 3289 193 3374; x_wconf 80' lang='lat' dir='ltr'><strong>tis,</strong></span> <span class='ocrx_word' id='word_1_177' title='bbox 215 3289 328 3379; x_wconf 78' lang='lat' dir='ltr'><strong>petalis</strong></span> <span class='ocrx_word' id='word_1_178' title='bbox 347 3288 407 3358; x_wconf 87' lang='grc'><strong>5-6</strong></span> <span class='ocrx_word' id='word_1_179' title='bbox 426 3291 570 3359; x_wconf 80' lang='lat' dir='ltr'><strong>eboratis</strong></span> <span class='ocrx_word' id='word_1_180' title='bbox 589 3291 687 3359; x_wconf 82' lang='lat' dir='ltr'><strong>luteis</strong></span> <span class='ocrx_word' id='word_1_181' title='bbox 709 3299 760 3371; x_wconf 81' lang='grc' dir='ltr'><strong>Θ.</strong></span> <span class='ocrx_word' id='word_1_182' title='bbox 783 3308 835 3358; x_wconf 87' lang='lat' dir='ltr'><strong>oo.</strong></span> <span class='ocrx_word' id='word_1_183' title='bbox 858 3289 905 3359; x_wconf 92' lang='lat' dir='ltr'><strong>Pl.</strong></span> <span class='ocrx_word' id='word_1_184' title='bbox 926 3288 1054 3358; x_wconf 85' lang='lat' dir='ltr'><strong>Sucenl.</strong></span> <span class='ocrx_word' id='word_1_185' title='bbox 1076 3289 1142 3358; x_wconf 71' lang='lat' dir='ltr'><strong>[ab.</strong></span> <span class='ocrx_word' id='word_1_186' title='bbox 1163 3221 1239 3357; x_wconf 55' lang='lat' dir='ltr'><strong>lab.</strong></span> 
     </span>
    </p>

    <p class='ocr_par' dir='ltr' id='par_1_6' title="bbox 135 3394 1420 3570">
     <span class='ocr_line' id='line_1_23' title="bbox 185 3394 1420 3474; baseline -0.002 -18"><span class='ocrx_word' id='word_1_187' title='bbox 185 3397 262 3457; x_wconf 88' lang='lat' dir='ltr'><strong>Hab.</strong></span> <span class='ocrx_word' id='word_1_188' title='bbox 283 3399 314 3456; x_wconf 90' lang='lat' dir='ltr'><strong>in</strong></span> <span class='ocrx_word' id='word_1_189' title='bbox 331 3397 478 3457; x_wconf 84' lang='lat' dir='ltr'><strong>ruderalis</strong></span> <span class='ocrx_word' id='word_1_190' title='bbox 503 3402 534 3456; x_wconf 81' lang='lat' dir='ltr'><strong>et</strong></span> <span class='ocrx_word' id='word_1_191' title='bbox 560 3399 669 3473; x_wconf 84' lang='lat' dir='ltr'><strong>plateis</strong></span> <span class='ocrx_word' id='word_1_192' title='bbox 693 3397 783 3457; x_wconf 83' lang='lat' dir='ltr'><strong>totins</strong></span> <span class='ocrx_word' id='word_1_193' title='bbox 806 3397 928 3456; x_wconf 83' lang='lat' dir='ltr'><strong>ditionis</strong></span> <span class='ocrx_word' id='word_1_194' title='bbox 947 3413 965 3457; x_wconf 88' lang='lat' dir='ltr'><strong>a</strong></span> <span class='ocrx_word' id='word_1_195' title='bbox 983 3395 1099 3457; x_wconf 72' lang='lat' dir='ltr'><strong>Graeeib</strong></span> <span class='ocrx_word' id='word_1_196' title='bbox 1121 3394 1272 3474; x_wconf 76' lang='lat' dir='ltr'><strong>(siben),</strong></span> <span class='ocrx_word' id='word_1_197' title='bbox 1290 3395 1328 3455; x_wconf 89' lang='lat' dir='ltr'><strong>ad</strong></span> <span class='ocrx_word' id='word_1_198' title='bbox 1347 3395 1420 3455; x_wconf 82' lang='lat' dir='ltr'><strong>Ara-</strong></span> 
     </span>
     <span class='ocr_line' id='line_1_24' title="bbox 135 3484 1331 3570; baseline -0.003 -20"><span class='ocrx_word' id='word_1_199' title='bbox 135 3489 220 3550; x_wconf 88' lang='lat' dir='ltr'><strong>biam</strong></span> <span class='ocrx_word' id='word_1_200' title='bbox 238 3493 371 3562; x_wconf 85' lang='lat' dir='ltr'><strong>petream</strong></span> <span class='ocrx_word' id='word_1_201' title='bbox 389 3485 551 3570; x_wconf 78' lang='lat' dir='ltr'><strong>(Sebimpl)</strong></span> <span class='ocrx_word' id='word_1_202' title='bbox 570 3488 766 3563; x_wconf 76' lang='lat' dir='ltr'><strong>Babyloniam</strong></span> <span class='ocrx_word' id='word_1_203' title='bbox 784 3485 897 3568; x_wconf 77' lang='lat' dir='ltr'><strong>(Noel)</strong></span> <span class='ocrx_word' id='word_1_204' title='bbox 916 3491 946 3546; x_wconf 88' lang='lat' dir='ltr'><strong>et</strong></span> <span class='ocrx_word' id='word_1_205' title='bbox 959 3489 1046 3563; x_wconf 87' lang='lat' dir='ltr'><strong>prob.</strong></span> <span class='ocrx_word' id='word_1_206' title='bbox 1064 3486 1186 3563; x_wconf 86' lang='lat' dir='ltr'><strong>ubique.</strong></span> <span class='ocrx_word' id='word_1_207' title='bbox 1204 3484 1250 3546; x_wconf 72' lang='lat' dir='ltr'><strong>lll.</strong></span> <span class='ocrx_word' id='word_1_208' title='bbox 1267 3489 1331 3547; x_wconf 75' lang='lat' dir='ltr'><strong>aest.</strong></span> 
     </span>
    </p>
   </div>
   <div class='ocr_carea' id='block_1_6' title="bbox 186 3583 1140 3666">
    <p class='ocr_par' dir='ltr' id='par_1_7' title="bbox 186 3583 1140 3666">
     <span class='ocr_line' id='line_1_25' title="bbox 186 3583 1140 3666; baseline 0.001 -18"><span class='ocrx_word' id='word_1_209' title='bbox 186 3586 243 3649; x_wconf 77' lang='lat' dir='ltr'><strong>Ar.</strong></span> <span class='ocrx_word' id='word_1_210' title='bbox 267 3595 390 3666; x_wconf 60' lang='grc' dir='ltr'><strong>(ποορ.</strong></span> <span class='ocrx_word' id='word_1_211' title='bbox 414 3589 565 3664; x_wconf 79' lang='lat' dir='ltr'><strong>Regiones</strong></span> <span class='ocrx_word' id='word_1_212' title='bbox 584 3583 754 3664; x_wconf 72' lang='lat' dir='ltr'><strong>temperata</strong></span> <span class='ocrx_word' id='word_1_213' title='bbox 771 3593 801 3646; x_wconf 87' lang='lat' dir='ltr'><strong>et</strong></span> <span class='ocrx_word' id='word_1_214' title='bbox 819 3587 923 3648; x_wconf 86' lang='lat' dir='ltr'><strong>ealidae</strong></span> <span class='ocrx_word' id='word_1_215' title='bbox 941 3589 1032 3650; x_wconf 88' lang='lat' dir='ltr'><strong>totius</strong></span> <span class='ocrx_word' id='word_1_216' title='bbox 1049 3587 1140 3649; x_wconf 84' lang='lat' dir='ltr'><strong>orbis.</strong></span> 
     </span>
    </p>
   </div>
   <div class='ocr_carea' id='block_1_7' title="bbox 1366 3763 1378 3798">
    <p class='ocr_par' dir='ltr' id='par_1_8' title="bbox 1366 3763 1378 3798">
     <span class='ocr_line' id='line_1_26' title="bbox 1366 3763 1378 3798; baseline 0 0"><span class='ocrx_word' id='word_1_217' title='bbox 1366 3763 1378 3798; x_wconf 86' lang='grc' dir='ltr'><strong><em>Ι</em></strong></span> 
     </span>
    </p>
   </div>
   <div class='ocr_carea' id='block_1_8' title="bbox 89 3831 1431 4644">
    <p class='ocr_par' dir='ltr' id='par_1_9' title="bbox 141 3831 1424 4191">
     <span class='ocr_line' id='line_1_27' title="bbox 187 3831 1424 3922; baseline -0.002 -18"><span class='ocrx_word' id='word_1_218' title='bbox 187 3837 232 3904; x_wconf 88' lang='grc' dir='ltr'><strong>Ρ.</strong></span> <span class='ocrx_word' id='word_1_219' title='bbox 253 3835 510 3922; x_wconf 80' lang='lat' dir='ltr'><strong>quadrifida</strong></span> <span class='ocrx_word' id='word_1_220' title='bbox 541 3836 588 3922; x_wconf 83' lang='lat' dir='ltr'><strong>(L.</strong></span> <span class='ocrx_word' id='word_1_221' title='bbox 612 3834 707 3900; x_wconf 76' lang='lat' dir='ltr'><strong>blant.</strong></span> <span class='ocrx_word' id='word_1_222' title='bbox 731 3831 787 3922; x_wconf 88' lang='grc'><strong>78)</strong></span> <span class='ocrx_word' id='word_1_223' title='bbox 819 3832 965 3900; x_wconf 86' lang='lat' dir='ltr'><strong>caulibus</strong></span> <span class='ocrx_word' id='word_1_224' title='bbox 994 3831 1132 3914; x_wconf 84' lang='lat' dir='ltr'><strong>diffusis,</strong></span> <span class='ocrx_word' id='word_1_225' title='bbox 1164 3831 1248 3900; x_wconf 85' lang='lat' dir='ltr'><strong>soliis</strong></span> <span class='ocrx_word' id='word_1_226' title='bbox 1279 3834 1424 3904; x_wconf 87' lang='lat' dir='ltr'><strong>carnosis</strong></span> 
     </span>
     <span class='ocr_line' id='line_1_28' title="bbox 142 3919 1424 4026; baseline -0.005 -33"><span class='ocrx_word' id='word_1_227' title='bbox 142 3923 311 3993; x_wconf 88' lang='lat' dir='ltr'><strong>sessilibns</strong></span> <span class='ocrx_word' id='word_1_228' title='bbox 330 3923 479 4026; x_wconf 76' lang='lat' dir='ltr'><strong>oblongis</strong></span> <span class='ocrx_word' id='word_1_229' title='bbox 498 3926 546 3991; x_wconf 89' lang='lat' dir='ltr'><strong>vel</strong></span> <span class='ocrx_word' id='word_1_230' title='bbox 565 3921 916 4010; x_wconf 76' lang='lat' dir='ltr'><strong>oblongolinearibuS‚</strong></span> <span class='ocrx_word' id='word_1_231' title='bbox 937 3919 1040 3988; x_wconf 86' lang='lat' dir='ltr'><strong>axillis</strong></span> <span class='ocrx_word' id='word_1_232' title='bbox 1058 3920 1183 4010; x_wconf 91' lang='lat' dir='ltr'><strong>pilosis,</strong></span> <span class='ocrx_word' id='word_1_233' title='bbox 1203 3920 1339 3989; x_wconf 89' lang='lat' dir='ltr'><strong>lloribus</strong></span> <span class='ocrx_word' id='word_1_234' title='bbox 1357 3931 1424 3999; x_wconf 71' lang='lat' dir='ltr'><strong>ter·</strong></span> 
     </span>
     <span class='ocr_line' id='line_1_29' title="bbox 142 4008 1421 4100; baseline -0.002 -19"><span class='ocrx_word' id='word_1_235' title='bbox 142 4013 318 4082; x_wconf 88' lang='lat' dir='ltr'><strong>rninalibus</strong></span> <span class='ocrx_word' id='word_1_236' title='bbox 337 4013 359 4078; x_wconf 74' lang='lat' dir='ltr'><strong>le</strong></span> <span class='ocrx_word' id='word_1_237' title='bbox 379 4013 463 4081; x_wconf 81' lang='lat' dir='ltr'><strong>loliis</strong></span> <span class='ocrx_word' id='word_1_238' title='bbox 483 4011 704 4090; x_wconf 84' lang='lat' dir='ltr'><strong>involuoralis‚</strong></span> <span class='ocrx_word' id='word_1_239' title='bbox 725 4011 843 4100; x_wconf 85' lang='lat' dir='ltr'><strong>sepelis</strong></span> <span class='ocrx_word' id='word_1_240' title='bbox 862 4009 1054 4098; x_wconf 85' lang='lat' dir='ltr'><strong>aequalibus‚</strong></span> <span class='ocrx_word' id='word_1_241' title='bbox 1075 4009 1189 4099; x_wconf 79' lang='lat' dir='ltr'><strong>petalis</strong></span> <span class='ocrx_word' id='word_1_242' title='bbox 1212 4008 1234 4076; x_wconf 79' lang='lat' dir='ltr'><strong>ll</strong></span> <span class='ocrx_word' id='word_1_243' title='bbox 1256 4009 1352 4078; x_wconf 80' lang='lat' dir='ltr'><strong>luteis</strong></span> <span class='ocrx_word' id='word_1_244' title='bbox 1373 4023 1421 4096; x_wconf 78' lang='grc' dir='ltr'><strong>Θ.</strong></span> 
     </span>
     <span class='ocr_line' id='line_1_30' title="bbox 141 4097 735 4191; baseline -0.008 -19"><span class='ocrx_word' id='word_1_245' title='bbox 141 4103 184 4172; x_wconf 88' lang='grc' dir='ltr'><strong>Ρ.</strong></span> <span class='ocrx_word' id='word_1_246' title='bbox 207 4103 394 4170; x_wconf 61' lang='lat' dir='ltr'><strong>mandram</strong></span> <span class='ocrx_word' id='word_1_247' title='bbox 412 4103 447 4170; x_wconf 89' lang='lat' dir='ltr'><strong>L.</strong></span> <span class='ocrx_word' id='word_1_248' title='bbox 470 4101 581 4191; x_wconf 86' lang='lat' dir='ltr'><strong>Suppl.</strong></span> <span class='ocrx_word' id='word_1_249' title='bbox 603 4123 636 4191; x_wconf 90' lang='lat' dir='ltr'><strong>p.</strong></span> <span class='ocrx_word' id='word_1_250' title='bbox 658 4097 735 4168; x_wconf 64' lang='grc'><strong>948.</strong></span> 
     </span>
    </p>

    <p class='ocr_par' dir='ltr' id='par_1_10' title="bbox 195 4201 1230 4286">
     <span class='ocr_line' id='line_1_31' title="bbox 195 4201 1230 4286; baseline -0.002 -18"><span class='ocrx_word' id='word_1_251' title='bbox 195 4210 272 4270; x_wconf 88' lang='lat' dir='ltr'><strong>Hah.</strong></span> <span class='ocrx_word' id='word_1_252' title='bbox 291 4207 321 4269; x_wconf 93' lang='lat' dir='ltr'><strong>in</strong></span> <span class='ocrx_word' id='word_1_253' title='bbox 338 4210 472 4269; x_wconf 86' lang='lat' dir='ltr'><strong>arenosis</strong></span> <span class='ocrx_word' id='word_1_254' title='bbox 490 4209 616 4285; x_wconf 78' lang='lat' dir='ltr'><strong>AEgypti</strong></span> <span class='ocrx_word' id='word_1_255' title='bbox 635 4207 761 4286; x_wconf 79' lang='lat' dir='ltr'><strong>(Lien),</strong></span> <span class='ocrx_word' id='word_1_256' title='bbox 780 4207 863 4282; x_wconf 84' lang='lat' dir='ltr'><strong>regni</strong></span> <span class='ocrx_word' id='word_1_257' title='bbox 880 4203 1074 4265; x_wconf 76' lang='lat' dir='ltr'><strong>Maneatensis</strong></span> <span class='ocrx_word' id='word_1_258' title='bbox 1093 4201 1230 4285; x_wconf 83' lang='lat' dir='ltr'><strong>(Auobl).</strong></span> 
     </span>
    </p>

    <p class='ocr_par' dir='ltr' id='par_1_11' title="bbox 89 4303 1431 4644">
     <span class='ocr_line' id='line_1_32' title="bbox 89 4303 1427 4387; baseline -0.003 -17"><span class='ocrx_word' id='word_1_259' title='bbox 89 4371 96 4382; x_wconf 80' lang='grc'><em>,</em></span> <span class='ocrx_word' id='word_1_260' title='bbox 197 4311 304 4370; x_wconf 88' lang='lat' dir='ltr'><strong>Planta</strong></span> <span class='ocrx_word' id='word_1_261' title='bbox 326 4311 501 4387; x_wconf 83' lang='lat' dir='ltr'><strong>snblropiea</strong></span> <span class='ocrx_word' id='word_1_262' title='bbox 527 4311 577 4368; x_wconf 84' lang='lat' dir='ltr'><strong>vix</strong></span> <span class='ocrx_word' id='word_1_263' title='bbox 603 4308 723 4368; x_wconf 87' lang='lat' dir='ltr'><strong>ditionis</strong></span> <span class='ocrx_word' id='word_1_264' title='bbox 747 4311 858 4367; x_wconf 79' lang='lat' dir='ltr'><strong>nostrae</strong></span> <span class='ocrx_word' id='word_1_265' title='bbox 880 4306 963 4368; x_wconf 84' lang='lat' dir='ltr'><strong>nivis.</strong></span> <span class='ocrx_word' id='word_1_266' title='bbox 988 4337 1031 4350; x_wconf 97' lang='lat'>-</span> <span class='ocrx_word' id='word_1_267' title='bbox 1050 4303 1085 4366; x_wconf 89' lang='lat' dir='ltr'><strong>P.</strong></span> <span class='ocrx_word' id='word_1_268' title='bbox 1105 4307 1240 4368; x_wconf 80' lang='lat' dir='ltr'><strong>laberoaa</strong></span> <span class='ocrx_word' id='word_1_269' title='bbox 1256 4307 1352 4368; x_wconf 86' lang='lat' dir='ltr'><strong>Roxb.</strong></span> <span class='ocrx_word' id='word_1_270' title='bbox 1381 4305 1427 4366; x_wconf 76' lang='lat' dir='ltr'><strong>Pl.</strong></span> 
     </span>
     <span class='ocr_line' id='line_1_33' title="bbox 147 4393 1428 4477; baseline -0.004 -16"><span class='ocrx_word' id='word_1_271' title='bbox 147 4402 214 4461; x_wconf 89' lang='lat' dir='ltr'><strong>Ind.</strong></span> <span class='ocrx_word' id='word_1_272' title='bbox 232 4401 270 4476; x_wconf 83' lang='lat' dir='ltr'><strong>n,</strong></span> <span class='ocrx_word' id='word_1_273' title='bbox 285 4419 314 4476; x_wconf 89' lang='lat' dir='ltr'><strong>p.</strong></span> <span class='ocrx_word' id='word_1_274' title='bbox 331 4397 409 4477; x_wconf 73' lang='lat'><strong>464,</strong></span> <span class='ocrx_word' id='word_1_275' title='bbox 427 4401 530 4460; x_wconf 83' lang='lat' dir='ltr'><strong>radiae</strong></span> <span class='ocrx_word' id='word_1_276' title='bbox 548 4399 671 4474; x_wconf 87' lang='lat' dir='ltr'><strong>perenni</strong></span> <span class='ocrx_word' id='word_1_277' title='bbox 688 4396 837 4472; x_wconf 68' lang='lat' dir='ltr'><strong>tuberone,</strong></span> <span class='ocrx_word' id='word_1_278' title='bbox 858 4393 936 4457; x_wconf 84' lang='lat' dir='ltr'><strong>loliis</strong></span> <span class='ocrx_word' id='word_1_279' title='bbox 954 4395 1250 4458; x_wconf 82' lang='lat' dir='ltr'><strong>lineari-lanoeolatis</strong></span> <span class='ocrx_word' id='word_1_280' title='bbox 1267 4397 1306 4457; x_wconf 86' lang='lat' dir='ltr'><strong>ad</strong></span> <span class='ocrx_word' id='word_1_281' title='bbox 1322 4397 1428 4458; x_wconf 85' lang='lat' dir='ltr'><strong>axillas</strong></span> 
     </span>
     <span class='ocr_line' id='line_1_34' title="bbox 149 4483 1431 4567; baseline -0.002 -16"><span class='ocrx_word' id='word_1_282' title='bbox 149 4491 275 4567; x_wconf 81' lang='lat' dir='ltr'><strong>eiliatis,</strong></span> <span class='ocrx_word' id='word_1_283' title='bbox 298 4491 421 4552; x_wconf 86' lang='lat' dir='ltr'><strong>floribus</strong></span> <span class='ocrx_word' id='word_1_284' title='bbox 440 4490 518 4551; x_wconf 85' lang='lat' dir='ltr'><strong>foliis</strong></span> <span class='ocrx_word' id='word_1_285' title='bbox 541 4485 600 4552; x_wconf 88' lang='lat'><strong>6·8</strong></span> <span class='ocrx_word' id='word_1_286' title='bbox 621 4487 825 4558; x_wconf 68' lang='lat' dir='ltr'><strong>involueralis</strong></span> <span class='ocrx_word' id='word_1_287' title='bbox 843 4488 873 4546; x_wconf 88' lang='lat' dir='ltr'><strong>in</strong></span> <span class='ocrx_word' id='word_1_288' title='bbox 895 4484 1049 4564; x_wconf 67' lang='lat' dir='ltr'><strong>provincia</strong></span> <span class='ocrx_word' id='word_1_289' title='bbox 1067 4483 1175 4547; x_wconf 79' lang='lat' dir='ltr'><strong>Seinde</strong></span> <span class='ocrx_word' id='word_1_290' title='bbox 1193 4488 1285 4547; x_wconf 75' lang='lat' dir='ltr'><strong>India</strong></span> <span class='ocrx_word' id='word_1_291' title='bbox 1299 4487 1431 4548; x_wconf 88' lang='lat' dir='ltr'><strong>borealis</strong></span> 
     </span>
     <span class='ocr_line' id='line_1_35' title="bbox 147 4577 877 4644; baseline -0.003 -4"><span class='ocrx_word' id='word_1_292' title='bbox 147 4583 230 4644; x_wconf 85' lang='lat' dir='ltr'><strong>leela</strong></span> <span class='ocrx_word' id='word_1_293' title='bbox 249 4581 350 4643; x_wconf 81' lang='lat' dir='ltr'><strong>forsan</strong></span> <span class='ocrx_word' id='word_1_294' title='bbox 368 4583 398 4641; x_wconf 94' lang='lat' dir='ltr'><strong>in</strong></span> <span class='ocrx_word' id='word_1_295' title='bbox 412 4579 585 4642; x_wconf 72' lang='lat' dir='ltr'><strong>Belnteebib</strong></span> <span class='ocrx_word' id='word_1_296' title='bbox 601 4577 737 4640; x_wconf 79' lang='lat' dir='ltr'><strong>calidiori</strong></span> <span class='ocrx_word' id='word_1_297' title='bbox 752 4577 877 4638; x_wconf 87' lang='lat' dir='ltr'><strong>babilat.</strong></span> 
     </span>
    </p>
   </div>
   <div class='ocr_carea' id='block_1_9' title="bbox 0 0 1618 5204">
    <p class='ocr_par' dir='ltr' id='par_1_12' title="bbox 0 0 1618 5204">
     <span class='ocr_line' id='line_1_36' title="bbox 0 0 1618 5204; baseline 0 2"><span class='ocrx_word' id='word_1_298' title='bbox 0 0 1618 5204; x_wconf 95' lang='lat' dir='ltr'><strong> </strong></span> 
     </span>
    </p>
   </div>
  </div>
 </body>
</html>
