3134 5174
645 353 690 421 65

73 495 145 554 llnb.
162 495 194 554 in
210 494 347 558 tumosis
359 499 504 559 umbrosis
517 498 611 574 Syrim
627 499 666 560 ad
678 499 796 575 Aleppo
810 497 936 582 (babilli
954 502 1014 578 Ky.
1028 519 1091 563 exo.
1109 499 1192 564 atat
1205 503 1306 564 Anah.

40 603 90 644 ers.
106 582 191 662 63!)‚
210 587 252 646 ad
267 587 457 648 Antiochiam
473 588 572 666 (Boias
583 589 615 667 !),
628 589 658 648 in
668 591 845 664 graminosis
863 592 899 650 ad
918 592 1027 652 Aintab
1043 591 1177 671 (Hanssk
1188 592 1209 672 l)
1224 594 1305 654 circa

40 675 163 736 Sidonem
181 673 280 757 (Bit),
298 679 328 738 in
347 678 518 740 Antilibano
535 679 572 738 aii
587 679 702 738 Bludan
726 678 799 758 (Ky.
815 698 878 740 exa.
900 679 987 744 1855
1009 691 1043 741 n⁰
1062 681 1185 763 ilat),
1204 685 1232 742 in
1251 684 1306 742 Pa·

40 765 132 824 lesbna
146 768 187 826 ad
202 767 446 844 Hierosolymam
459 767 579 847 (Rotbl)
599 775 629 829 ct
645 771 674 828 in
692 768 820 830 Galilaea
836 769 936 850 (Boias
948 772 981 852 l).
1000 773 1045 833 Fl.
1059 773 1129 834 Mai.
1146 774 1213 834 Jnn.

1 1045 2 1108 ÷
437 999 600 1076 orcum
626 999 675 1096 (r.
704 1001 777 1077 cu.
805 1001 894 1098 aaa).

74 1189 158 1280 talyx
189 1189 213 1256 5
244 1193 373 1294 sepalus
408 1193 606 1294 petaloideus
625 1192 784 1295 decianus
802 1195 923 1262 corolla
944 1191 1059 1294 ma'or.
1082 1193 1190 1262 Patala
1210 1217 1306 1284 parva

1 1293 2 1354 l
42 1279 233 1364 unguiculata
264 1281 417 1349 brlabrata
451 1282 537 1349 labro
570 1291 722 1350 exteriori
753 1281 853 1352 bifido
891 1283 960 1350 basi
1005 1289 1082 1350 ovorl
1113 1285 1307 1353 nectarilert

1 1375 2 1420 l
42 1367 138 1434 obsito.
159 1365 310 1457 Carpella
328 1369 411 1438 5:10
430 1372 502 1470 plus
521 1371 630 1438 mi'nus
649 1371 711 1438 alto
732 1371 847 1439 coalita
866 1374 946 1460 stylo
972 1373 1070 1457 longo
1096 1373 1304 1442 rostrilormi.

42 1496 75 1504 -
90 1456 202 1557 Herbae
221 1479 357 1542 annuae,
377 1457 461 1526 loliis
481 1459 530 1526 bis
541 1460 591 1528 vel
605 1469 654 1526 ter
672 1457 896 1547 pinnatisectis
915 1459 1041 1528 laciniis
1060 1460 1241 1530 linearibus
1258 1463 1306 1529 vel

43 1555 172 1612 abacis.

75 1759 161 1827 Sncr.
185 1761 211 1828 l.
236 1780 445 1830 nrannnnmn.
474 1781 526 1830 nc.
552 1749 664 1829 Floras
690 1763 938 1829 coerclcscentes.
968 1761 1121 1850 Gcrpcllc
1144 1763 1200 1830 otc
1222 1783 1307 1830 coon-

246 1871 359 1938 pressc
390 1852 428 1917 in
456 1851 624 1952 capsulam
650 1852 977 1939 quircquclocclnrom
1009 1853 1085 1938 ploos
1107 1852 1216 1918 minoas
1244 1853 1308 1918 alte

247 1947 398 2022 moneto,
423 1961 547 2006 samana
570 1939 848 2027 ooatooopclnto.

78 2128 119 2196 lt.
147 2129 369 2218 segetalls
392 2127 470 2217 (ΜΒ.
493 2127 592 2196 Taur.
614 2127 711 2196 Cauc.
734 2127 780 2210 ll,
801 2149 833 2216 p.
855 2126 918 2212 163
941 2128 1001 2212 lll,
1024 2149 1055 2216 p.
1079 2128 1161 2216 874)
1180 2129 1305 2214 viridis,

46 2218 118 2284 mule
136 2229 248 2285 erecto
268 2216 378 2285 stricte
397 2238 454 2285 cor
477 2217 609 2300 mboso,
635 2215 760 2284 laciniis
781 2215 930 2285 loliorum
958 2216 1151 2301 linearibus
1171 2219 1307 2286 lloribus

45 2305 142 2392 paruis,
163 2306 285 2394 sepalis
304 2307 424 2392 glabris
443 2327 462 2372 ο
508 2303 589 2373 vatis
608 2305 732 2374 obtusis
751 2305 820 2373 basi
841 2305 977 2405 abrupte
990 2308 1164 2374 attenuatis
1176 2308 1307 2375 tandem

45 2393 296 2483 dellesopalulis‚
317 2395 430 2483 petalis
449 2393 599 2483 stipitatis
618 2393 764 2462 cuneatis
784 2415 880 2482 parce
901 2394 1030 2462 hirtulis
1049 2395 1135 2463 labio
1155 2396 1306 2464 exteriori

45 2480 177 2569 bipartito
194 2483 282 2552 iobis
302 2482 335 2550 in
354 2483 487 2552 lacinias
511 2483 651 2551 lineares
671 2481 761 2571 apice
781 2485 916 2552 callosas
936 2483 1127 2568 attenuatis,
1149 2484 1235 2552 labio
1255 2485 1306 2552 in·

47 2569 137 2638 leriori
167 2571 218 2639 rin
249 2571 392 2639 breviori
418 2571 720 2656 lineari-subulam,
748 2571 893 2639 antheris
923 2572 1134 2656 submittitis,
1156 2573 1308 2661 carpellis

47 2658 125 2726 dorso
143 2660 328 2728 rotundatis
341 2660 484 2746 augustis
503 2659 628 2728 minute
640 2660 851 2728 tuberculatis
871 2660 903 2727 in
924 2663 1089 2749 capsulam
1117 2661 1307 2729 obconicam

50 2747 131 2836 alb,
154 2749 270 2838 longit.
301 2749 474 2832 concretis,
506 2749 629 2816 semine
649 2757 741 2818 acute
762 2749 919 2838 triquetro
939 2749 1027 2817 brevi
1047 2749 1149 2817 nitido
1169 2763 1308 2838 punctu-

49 2835 97 2904 lalo
115 2847 161 2918 Θ.
184 2839 226 2907 N.
247 2837 367 2906 bicolor
384 2837 485 2906 Boiss.
509 2848 541 2906 et
558 2837 669 2904 Heldr.
693 2837 806 2926 Diagn.
828 2835 897 2905 Ser.
922 2837 946 2904 l.
968 2837 1037 2904 Vll.
1060 2859 1092 2926 p.
1117 2837 1149 2904 7.

83 2943 153 3006 llab.
181 2948 212 3004 in
235 2947 323 3005 cultis
349 2944 499 3004 derelictis
517 2949 547 3004 et
573 2945 698 3004 collibus
715 2945 796 3004 Asiae
822 2945 944 3004 minoris
968 2945 1007 3004 ad
1022 2943 1141 3004 Koniah
1161 2943 1307 3022 (Heldrll

52 3031 113 3094 droa
134 3034 294 3096 &franbol
317 3039 348 3094 et
365 3033 488 3110 Angora
504 3033 647 3112 (wiell),
668 3032 862 3110 cappadocis
880 3029 989 3114 (Ball),
1007 3033 1151 3094 Armenia
1165 3034 1204 3094 ad
1220 3035 1308 3094 Erac-

53 3137 102 3182 mn
128 3131 155 3186 et
171 3125 305 3186 Baibom
328 3123 430 3201 (llslvl
446 3123 590 3202 Bonam),
610 3123 725 3184 Tauria
752 3123 862 3204 (MR),
880 3123 991 3183 Parsia
1016 3125 1081 3186 bor.
1101 3141 1187 3200 prov.
1216 3124 1309 3186 Adra·-

54 3211 137 3288 bidjan
151 3213 295 3294 (Szowl).
313 3213 359 3273 Fl.
378 3218 443 3274 aest

84 3311 113 3394 β.
131 3311 288 3394 Annam,
300 3309 427 3378 laciniae
445 3308 649 3397 angustiores
666 3307 950 3394 lineari-actaeae,
964 3310 1073 3398 planta
1093 3308 1248 3378 strictior.
1264 3309 1307 3378 N.

54 3419 197 3468 noarcoso
215 3398 250 3468 C.
275 3399 363 3466 Koch
382 3399 478 3466 linn.
504 3397 568 3466 llll.
595 3417 627 3486 p.
651 3395 727 3464 aab.
750 3396 793 3466 N.
816 3396 961 3466 Annene
980 3397 1064 3466 Stev.
1091 3397 1173 3465 Bull.
1207 3397 1307 3486 blosq.

56 3483 132 3556 lllll.
153 3488 192 3556 ll.
214 3509 247 3576 p.
271 3485 347 3554 tlt.
370 3487 411 3556 N.
426 3487 636 3574 soenicclccco
655 3485 783 3553 Hohen.
800 3505 866 3554 ens.
883 3484 972 3553 tlt-la
990 3506 1057 3554 non
1077 3504 1130 3556 oc.

91 3593 159 3656 llab.
176 3597 208 3655 ia
224 3593 367 3656 Armenia
382 3595 511 3656 Roscios
525 3593 643 3674 (Kochl
667 3592 782 3673 Stant),
799 3593 950 3656 Kaobetit
965 3593 1132 3674 (Hohenl).

88 3691 149 3756 llos
165 3696 255 3757 (liam.
275 3691 332 3758 7-8
360 3695 412 3754 lin.
438 3695 527 3755 latas.
545 3693 675 3770 Oapsnla
690 3689 749 3756 6·8
771 3692 822 3753 lin.
840 3693 932 3772 longa
951 3693 1057 3756 rostris
1075 3691 1312 3769 erecto-patulis.

95 3902 137 3970 N.
168 3905 380 3974 mensis
409 3903 463 3987 (t.
494 3901 548 3991 Sp.
582 3900 661 3990 753)
693 3902 810 3990 sepelis
841 3902 942 3970 ovatis
965 3901 1159 3971 acuminatis
1190 3901 1313 3990 glabris

59 3983 169 4079 abrupte
198 4001 230 4060 et
248 3993 343 4078 longe
364 3991 513 4081 stipilatis
532 3991 602 4058 basi
622 3990 796 4058 attenuatis
808 3993 857 4058 vel
877 3989 1093 4074 subcordatis,
1138 3990 1230 4058 stalis
1242 3991 1315 4058 bre·

60 4073 120 4144 riter
140 4079 287 4170 stipitatis
307 4079 393 4148 labio
413 4079 565 4148 exteriori
585 4078 740 4168 bipartito
759 4081 831 4168 plus
851 4080 959 4146 minus
978 4078 1066 4146 hirto
1086 4011 1170 4147 tobis
1189 4077 1224 4146 in
1235 4079 1314 4147 laci·-

60 4161 111 4231 nias
126 4167 261 4236 lineares
290 4169 405 4237 breves
436 4168 527 4258 apice
547 4168 682 4236 callosas
708 4167 882 4236 attenuatis
901 4167 988 4235 labio
1008 4166 1158 4235 inferiori
1179 4167 1315 4236 dimidio

60 4249 175 4323 breviori
193 4279 211 4324 e
230 4257 299 4324 basi
319 4259 382 4325 lata
407 4255 536 4340 lineari,
557 4255 701 4324 antheris
721 4253 933 4338 mucronatis‚
955 4256 1105 4344 carpellis
1125 4256 1224 4323 dorso
1245 4257 1313 4324 sul-

61 4341 120 4409 catis
136 4345 280 4413 clevatim
300 4343 472 4414 tricostatis
496 4345 536 4412 ad
556 4345 600 4433 ’la
626 4343 840 4432 longitudinis
871 4343 903 4410 in
932 4345 1096 4433 capsulam
1122 4344 1315 4411 oboonicam

61 4431 198 4517 annexis,
218 4434 332 4502 rostris
352 4435 491 4522 carpella
510 4431 716 4521 aquantibus
735 4433 783 4499 vel
806 4431 1032 4516 brevioribus,
1053 4431 1235 4502 seminibus
1256 4431 1315 4498 tri-

1088 4567 1106 4624 5
