3230 5190
634 333 694 401 aar

70 575 126 642 Η.
149 573 475 658 trichestylum
507 569 585 656 (Bge
612 568 644 634 in
666 568 741 652 liu.)
769 568 909 656 crispulo
940 568 1120 656 pubescens
1151 573 1311 657 glandulis

16 663 153 752 magnis
174 661 388 732 annularibus
407 659 572 727 adfaciem
593 657 688 724 inler.
711 657 862 725 foliorum
882 679 966 744 saepe
986 658 1135 747 stipilaiis
1155 661 1310 744 obsitum,

15 752 174 820 caulibus
195 751 379 818 dichotome
399 747 555 830 ramosis,
582 745 667 814 foliis
686 745 835 831 oblongis
855 747 978 813 obtusis
998 746 1031 813 in
1052 749 1207 835 petiolum
1229 763 1310 818 atte-

17 842 130 910 nuatis
153 839 380 929 superioribus
404 836 602 919 linearibus,
630 835 730 925 cyrnis
750 836 819 902 lane
838 834 1051 917 dichotomiS,
1079 837 1215 906 lloribus
1234 841 1311 908 sub·

19 930 217 1004 sessilihus,
245 929 362 1029 calpois
386 928 424 994 ad
447 926 538 994 basin
558 924 667 1014 partiti
687 923 813 991 laciniis
833 923 934 991 oratis
954 925 1164 994 acutiusculis
1184 929 1312 1012 cilialis,

20 1019 140 1111 petalis
173 1019 324 1104 oblongis
343 1013 636 1102 suhunguiculalis‚
656 1012 766 1081 orario
786 1011 885 1097 hirto,
907 1014 986 1102 stylo
1007 1014 1218 1105 iniernepilis
1233 1018 1315 1085 raris

20 1107 144 1199 patulis
166 1106 256 1174 hirto
282 1118 329 1183 it.

66 1214 150 1274 Hah.
171 1214 202 1272 in
221 1213 326 1272 Persii
343 1228 437 1287 prope
455 1208 518 1269 Gds
534 1209 612 1299 inter
628 1207 759 1284 Ispahan
779 1213 808 1267 et
824 1206 963 1268 'I'eheran
976 1210 1050 1286 (Bge
1061 1211 1094 1291 l).

69 1318 187 1378 Facies
208 1323 238 1376 et
264 1315 337 1376 lolia
358 1315 394 1374 H.
416 1312 585 1374 Stoclroioai
613 1311 668 1371 sed
693 1312 843 1388 glandulas
860 1313 1020 1374 annulatos
1044 1319 1074 1374 et
1102 1311 1198 1392 stylus
1225 1317 1315 1394 hispi-

28 1409 126 1468 dolus.

71 1506 109 1590 β.
145 1497 417 1589 micropbyllum.
439 1498 552 1567 Caules
571 1497 762 1566 humiliores
782 1497 1024 1587 subsimpliceS,
1046 1501 1121 1570 lolia
1140 1523 1249 1591 parva.
1272 1505 1314 1572 H.

30 1592 314 1680 coasauguiaeum
333 1588 396 1677 Bge
415 1589 447 1656 in
467 1588 527 1655 liu.

73 1701 155 1784 Hah.
170 1714 268 1774 propo
285 1695 419 1757 Schurab
435 1697 513 1756 inter
530 1691 658 1770 Ispahan
672 1699 702 1752 et
717 1693 856 1754 Tahoran
874 1695 949 1770 (Bge
962 1692 1002 1773 i).

74 1933 126 2002 Η.
149 1931 511 2016 chesneyanum,
533 1927 729 2016 pubescens,
751 1926 973 2014 prominenter
991 1927 1320 2015 glanduloso-iuber·
1342 1961 1344 1967 v

33 2023 193 2104 colatum,
207 2019 353 2086 caulibus
366 2017 507 2085 tenuiter
517 2014 649 2102 virgatis
668 2015 817 2098 ramosis,
831 2015 916 2083 loliis
929 2015 1138 2086 inferioribus
1152 2019 1320 2109 tripartilis

33 2109 160 2178 caeteris
180 2107 329 2175 indivisis
349 2106 537 2194 laciniisque
566 2105 707 2171 tenuiter
737 2103 962 2188 lililormibus,
995 2106 1097 2195 cymis
1127 2107 1320 2178 dichotomis

36 2196 285 2278 coniertilloris,
311 2196 448 2263 llorihus
469 2194 602 2262 minutis
622 2192 871 2276 subsessilibus,
892 2193 1006 2282 calycis
1033 2195 1138 2281 glabri
1163 2198 1202 2265 ad
1227 2198 1319 2266 basin

36 2286 144 2376 partiti
174 2284 301 2354 laciniis
327 2285 428 2352 ovans
454 2282 574 2367 acutis,
602 2281 715 2371 petalis
739 2281 887 2369 oblongis
911 2283 1019 2371 calyce
1044 2286 1225 2374 quadruplo
1253 2290 1320 2356 lon-

38 2375 187 2465 gioribus
219 2373 361 2462 glabris,
393 2372 504 2440 orario
535 2383 566 2438 et
594 2371 674 2461 siglo
704 2371 826 2459 glabris
853 2383 900 2448 it.

80 2483 158 2543 Hah.
178 2482 211 2541 in
229 2480 446 2556 Mesopotamia
461 2479 500 2538 ad
516 2477 698 2553 Euphratem
716 2476 838 2556 (chesn.
858 2495 921 2537 oxs.
938 2474 1054 2554 aiiii).

83 2583 179 2660 calyx
200 2587 230 2642 ot
249 2583 362 2642 corolla
379 2580 527 2656 glandulis
545 2580 660 2655 maguis
678 2580 777 2656 obsiti,
795 2579 944 2656 glandula
961 2582 1054 2642 caulis
1073 2588 1102 2641 ot
1123 2581 1259 2643 loliorum
1280 2586 1322 2645 eis

40 2673 271 2750 procedentium
294 2672 461 2747 specierum
485 2671 613 2730 minores
641 2669 695 2728 sed
720 2670 759 2729 ad
783 2689 877 2746 cyma
902 2687 1002 2730 ramos
1032 2677 1062 2732 et
1083 2679 1185 2747 partes
1204 2673 1322 2735 florales

41 2765 243 2840 prominentes
261 2763 339 2822 uude
367 2764 465 2836 aptius
492 2760 541 2821 hio
558 2777 646 2836 quam
669 2760 746 2819 inter
763 2762 881 2836 speeies
906 2760 1054 2836 glandulis
1077 2763 1178 2837 parvis
1197 2764 1338 2830 conaus,

37 2854 121 2929 iuxta
139 2853 178 2914 H.
199 2854 400 2914 dichotomum
417 2850 633 2912 collocandum.
645 2849 751 2909 Differt
764 2869 783 2908 a
797 2850 1035 2926 praecedentibus
1048 2852 1128 2912 loliis
1141 2854 1323 2914 tenuissimis

42 2943 231 3005 interioribus
249 2942 378 3019 partitis.

509 3179 541 3242 b.
575 3180 741 3242 Filumenta
758 3181 861 3242 libera.

87 3379 136 3446 H.
155 3377 442 3466 longilolium
463 3375 579 3465 (Boiss.
600 3374 714 3462 Diagn.
736 3375 804 3444 Ser.
827 3376 853 3458 l,
874 3375 963 3460 Vlll,
985 3398 1016 3466 p.
1040 3373 1120 3465 iai)
1140 3376 1242 3445 viride
1262 3379 1325 3447 vis·

47 3485 154 3533 cosum
174 3478 278 3535 lotum
298 3465 459 3552 glandulis
477 3463 736 3553 prominentibus
749 3465 899 3533 scabrum
912 3465 1159 3552 glaberrimum,
1180 3467 1327 3536 caulibus

49 3555 228 3624 numerosis
246 3553 378 3641 virgatis
397 3552 506 3621 stricte
526 3553 680 3637 ramosis,
708 3553 793 3622 foliis
823 3555 918 3641 longe
944 3565 976 3622 et
994 3565 1129 3656 angusto
1148 3554 1327 3632 linearibus

49 3641 167 3712 obtusis
188 3642 336 3730 margine
357 3642 520 3710 undulatis
539 3653 571 3710 et
590 3642 785 3726 convolutis,
818 3643 979 3732 corymbis
1009 3644 1143 3711 minutis
1173 3644 1326 3712 conserti-

21 3813 25 3820 ⁵
50 3729 147 3815 horis,
168 3732 305 3801 llorihus
324 3731 504 3814 sessilihus,
524 3730 642 3820 calpois
661 3731 700 3798 ad
721 3731 813 3799 basin
832 3731 940 3819 partiti
960 3731 1063 3820 glabri
1084 3732 1210 3800 laciniis
1229 3735 1330 3803 oratis

51 3818 188 3906 obtusis,
213 3819 328 3910 petalis
355 3818 635 3908 subunguioulalis
655 3819 803 3906 oblongis
822 3819 1071 3904 obtusiusculis,
1097 3820 1269 3888 filamentis
1290 3824 1329 3891 ad

52 3907 171 3994 apicem
191 3909 291 3998 partis
311 3907 447 3997 abrupte
466 3909 607 3978 dilatatae
626 3907 684 3976 hd
701 3907 863 3995 glandulis
883 3908 1016 3992 obsiiis,
1037 3909 1148 3977 orario
1169 3909 1330 3996 glabrius-

52 3996 132 4080 culo,
153 3999 234 4088 stylo
253 3997 366 4085 glabro
393 4009 440 4074 ir.

93 4103 169 4163 Hah.
187 4105 218 4162 in
235 4104 363 4164 vallibus
381 4102 570 4164 calidissimis
586 4101 747 4163 Palestina
765 4102 841 4163 iuter
857 4077 1039 4164 conventum·
1055 4101 1188 4164 ill-Saba
1205 4109 1234 4164 et
1249 4121 1332 4166 mare

55 4188 194 4254 Mortuum
213 4194 312 4268 (Boiss
325 4191 334 4254 l
346 4201 366 4268 ).
385 4193 432 4254 Fl.
449 4192 520 4252 Mai.

96 4293 215 4374 Podale,
233 4299 308 4358 rami
325 4297 466 4357 laterales
484 4297 659 4373 corymbum
679 4295 840 4356 censalem
858 4313 938 4371 saepe
957 4299 1151 4372 superantes,
1171 4295 1244 4357 lolia
1259 4297 1331 4357 inse·
1442 4271 1445 4278 ⁴

58 4381 132 4446 riora
148 4382 276 4470 24¹),
295 4387 422 4464 pollices
448 4387 540 4462 longa
569 4383 621 4448 l·l
643 4379 683 4468 ¹1,
709 4386 789 4462 lata,
808 4385 899 4447 flores
921 4385 965 4446 eis
989 4385 1025 4446 H.
1044 4385 1225 4450 tuberculoti
1240 4387 1332 4462 paulo

60 4473 191 4550 majores,
210 4478 326 4554 speeies
343 4475 590 4538 lormifoliorum
610 4474 851 4538 distinotissima.
