3300 5192
686 361 751 430 515

120 607 166 673 D.
188 604 502 690 calocephalus
522 601 638 691 (Boiss
662 602 776 689 Diagn.
799 601 868 668 Ser.
891 603 921 684 l,
942 601 1002 684 Vl,
1024 623 1054 691 p.
1079 601 1134 688 23)
1154 605 1365 691 glaucesccns

77 695 202 775 clatus,
235 691 319 759 loliis
352 690 531 760 llaccidulis
558 691 700 779 subquin
725 690 906 772 uenerviis‚
938 691 1051 777 vagina
1080 691 1233 781 adpressa
1261 694 1363 762 caulis

78 782 178 851 diam.
204 779 324 868 pluries
350 780 513 868 longiore,
547 779 684 848 floribus
702 713 810 848 dense
834 778 1000 867 capitalis,
1033 779 1192 849 involucri
1220 781 1366 870 squamis
1412 815 1420 826 ·

79 869 433 954 oblongo-lanceolatis
456 868 490 934 in
518 867 632 935 aristas
659 878 774 936 tenues
801 867 939 956 abrupte
966 868 1138 936 attenuatis
1157 870 1370 959 squamisque

101 959 207 1026 allidis
227 957 378 1027 scariosis
398 957 486 1024 hisce
506 957 606 1024 ovatis
625 958 762 1046 abrupte
783 966 815 1024 et
833 955 975 1024 breviter
994 957 1135 1025 aristatis
1148 961 1255 1047 calyce
1269 959 1367 1060 triplo

79 983 305 1128 brevioribus,
333 1045 440 1113 aristis
465 1045 643 1127 scabridis,
675 1045 792 1135 calycis
819 1043 970 1114 dentibus
998 1045 1211 1128 acuminatis,
1245 1049 1368 1116 lamini

81 1135 374 1206 lateritio-robelli
399 1155 540 1222 superne
558 1135 697 1223 pilosuld
715 1139 972 1202 ovato-cuneata
991 1134 1083 1222 apice
1102 1135 1232 1204 dentata
1252 1157 1369 1224 ungue

82 1225 136 1294 Μ
155 1227 211 1314 plo
231 1223 376 1292 breviori
402 1239 447 1304 pr.

126 1333 204 1394 Hal).
226 1335 255 1391 in
273 1331 457 1406 rupestribus
474 1331 604 1406 regionis
620 1338 783 1407 montense,
802 1330 949 1391 Anatolire
966 1328 979 1408 (
989 1328 1084 1391 such.
1103 1349 1165 1392 exe.
1181 1328 1308 1408 5071),
1337 1334 1368 1394 in

84 1423 188 1482 Tmolo
208 1421 316 1498 Lydiae
333 1422 410 1479 inter
430 1419 572 1497 Bozdagb
589 1428 619 1480 et
634 1418 745 1480 Sardes
762 1420 864 1500 (Boias
879 1418 919 1498 l),
949 1419 1063 1480 Pisidia
1080 1421 1118 1479 ad
1138 1420 1259 1497 ligii-dir
1277 1429 1307 1483 et
1323 1423 1371 1482 in·

87 1521 130 1573 ter
148 1511 308 1588 Beycbcbr
325 1519 355 1570 et
372 1510 491 1570 Komish
511 1504 663 1593 (Holdrll,
683 1509 778 1585 Lycii
793 1511 832 1570 ad
851 1509 967 1570 Elmclu
984 1497 1150 1588 (Bourgl),
1175 1510 1370 1588 Cappadocia

88 1604 123 1662 sd
139 1603 245 1662 ‘l'olrst
259 1609 289 1661 et
304 1601 334 1660 iu
354 1607 452 1660 monte
469 1599 598 1676 Alidugh
616 1596 711 1677 (Noai
731 1591 836 1684 Rari),
856 1600 999 1660 Armenia
1016 1598 1147 1660 Turcicd
1162 1601 1201 1660 ad
1216 1601 1364 1662 Gnmuch·

88 1691 182 1752 khsnd
202 1689 315 1774 (Bourq
325 1689 345 1770 l)
360 1697 390 1749 ct
405 1691 436 1750 in
451 1689 615 1750 declivibus
632 1689 819 1767 Biuglildegh
836 1687 939 1769 (Kyll,
957 1688 1099 1749 Armenia
1114 1689 1241 1752 Bossich
1252 1693 1292 1752 sd
1304 1691 1370 1754 Ko-

91 1783 207 1842 medars
222 1779 366 1860 (Szovvl),
383 1779 471 1856 Syris
487 1781 518 1839 in
536 1780 662 1840 collibus
680 1780 846 1840 Antiochia
862 1779 927 1855 (Ky
944 1797 1007 1840 crs.
1025 1774 1137 1855 2791).

132 1885 316 1961 Tripedslie,
331 1883 461 1961 capitula
477 1901 558 1958 saepe
571 1883 658 1942 diam.
676 1883 951 1960 sesquipollicsri23
974 1884 1092 1958 specics
1110 1883 1236 1960 insignis
1252 1887 1372 1947 laminis

97 1977 209 2036 minutis
226 1974 480 2050 lateritio-igneis.

134 2183 178 2250 D.
191 2180 470 2250 Bannaticus
490 2175 611 2264 (lienll.
635 2178 667 2244 in
688 2176 812 2244 Griseb.
833 2177 867 2243 lt.
884 2177 992 2264 Hung.
1008 2199 1040 2265 p.
1058 2176 1141 2266 301)
1162 2181 1372 2266 glaucescens

95 2271 204 2355 clatus,
225 2267 311 2336 loliis
331 2265 473 2334 llaccidis
492 2264 770 2421 quinquenerviis,
793 2266 907 2354 vagina
926 2266 1028 2334 caulis
1047 2267 1146 2335 diam.
1164 2269 1286 2424 qluries
1299 2271 1371 2338 lon-

95 2379 180 2514 qrore
207 2358 382 2446 adpressd,
415 2353 550 2422 lloribus

599 2373 675 2422 ense
703 2353 869 2441 capitatis,
902 2353 1059 2422 involucri
1086 2357 1162 2446 pbyl
1177 2356 1205 2426 is
1224 2357 1373 2448 oblongis

117 2449 231 2516 revitcr
251 2445 392 2512 aristatis
411 2442 618 2532 squamisque
631 2441 887 2509 lusco-scariosis
899 2441 988 2510 hisce
1001 2444 1103 2512 acutis
1116 2446 1164 2512 vel
1179 2445 1371 2516 submuticis

97 2538 197 2626 calyce
216 2533 354 2603 dimidio
380 2531 604 2610 brevioribus,
637 2529 789 2620 calycinis
815 2530 966 2598 dentibus
993 2532 1220 2618 acutiusculis,
1254 2535 1375 2604 lamina

98 2624 270 2713 sanguinea
289 2623 424 2711 pilosuli
444 2619 583 2707 oblonga
603 2640 712 2706 ungue
731 2617 866 2686 dimidio
885 2618 1035 2688 breviore
1062 2629 1105 2696 tl.
1138 2621 1180 2688 D,
1223 2625 1373 2712 iquateus

99 2710 168 2780 Urv.
189 2713 308 2780 Enum.
332 2733 362 2801 p.
384 2707 427 2780 45
446 2747 490 2761 -
509 2707 550 2774 ll.
570 2709 747 2796 pruinosus
776 2707 878 2775 lenlra
905 2707 975 2775 lnd.
1006 2707 1096 2777 Hori.
1124 2707 1186 2778 llin
1210 2712 1262 2779 ob.
1286 2711 1373 2780 1858

101 2820 159 2868 non
177 2800 286 2869 Boissl

137 2905 211 2966 th.
230 2907 261 2966 iu
280 2905 403 2980 rupibus
421 2901 575 2963 maritimis
591 2899 740 2976 Bulgarise
759 2897 876 2982 (Urvi).

140 3005 185 3067 hh
202 3005 341 3066 affinibus
357 3003 488 3080 squamis
507 3001 647 3062 brevibus
665 2999 761 3060 acutis
778 2999 896 3061 musicis
912 2999 1080 3062 distinctus.

140 3101 196 3168 Ar.
219 3113 346 3183 ῦοοςτ.
370 3105 511 3165 Benstus.

148 3315 191 3384 D.
214 3310 530 3390 intermedium
561 3306 673 3375 viridis
698 3308 818 3388 elatus,
845 3304 930 3374 loliis
956 3305 1135 3377 llaccidulis
1155 3309 1229 3379 5-7
1257 3317 1378 3386 ncrviis

104 3401 264 3492 elongatis,
286 3401 401 3489 vagina
420 3400 574 3499 adpressd
592 3397 701 3481 longa,
722 3394 857 3461 lloribus
877 3395 1062 3463 numerosis
1081 3397 1378 3494 fasciculam-capi·

105 3491 183 3572 tetis,
203 3490 360 3560 involucri
375 3482 841 3577 phyllisoblongo-lanceolatis
858 3482 1067 3572 squamisque
1086 3488 1239 3557 scariosis
1259 3491 1379 3562 susces-

105 3580 244 3648 centibus
263 3579 297 3647 in
317 3578 433 3645 aristas
452 3576 500 3643 cal
523 3595 576 3641 ces
597 3572 738 3639 rubellos
757 3581 923 3659 aequantes
936 3573 983 3638 vel
999 3572 1093 3640 tertii
1107 3589 1197 3664 parte
1210 3579 1378 3650 breviores

106 3667 217 3735 sensim
244 3664 437 3748 attenuatis,
466 3597 580 3752 caiycis
603 3657 755 3728 dentibus
775 3659 808 3725 in
829 3679 1021 3760 mucronem
1041 3666 1235 3750 attenuatis,
1258 3669 1379 3757 lamina

108 3755 329 3824 mbellorosea
348 3753 517 3822 barbulata
537 3750 634 3817 oblon
658 3751 833 3815 0·cuneata
852 3766 961 3833 ungue
983 3751 1077 3836 triplo
1097 3751 1246 3822 breviore
1266 3773 1310 3840 qr.
1333 3757 1375 3826 D.

110 3837 397 3912 Curibusiuccrcm
415 3839 462 3907 ll.
483 3839 586 3908 Graec.
609 3770 675 3904 aad.
698 3833 763 3902 392
782 3854 848 3902 non
868 3833 903 3901 b.

149 3947 219 4008 lieb.
237 3951 266 4009 in
282 3950 404 4022 regione
420 3944 644 4021 sempervirenti
663 3939 783 4015 Olympi
799 3939 938 3998 Thessali
956 3937 965 4021 l
975 3941 1077 4002 lleldr.
1097 3963 1160 4008 exs.
1177 3945 1329 4028 24151),
1351 3953 1382 4012 in

108 4033 236 4099 Thraciae
250 4037 398 4098 montibus
426 4033 520 4114 (Fris.
536 4049 599 4092 exs.
614 4033 668 4092 sub
687 4029 721 4089 ll.
740 4027 981 4104 retrocedendi),
1008 4031 1047 4090 sd
1062 4033 1239 4108 Byzantium
1260 4039 1373 4120 (Sibtb.

109 4121 283 4214 wislam),
299 4128 329 4186 in
344 4125 484 4202 Bithynis
497 4121 622 4204 (Thirkc
641 4121 682 4196 pl.
701 4138 762 4179 ers.
782 4121 837 4178 suh
856 4117 891 4179 h.
909 4120 1096 4183 utrorudeati
1112 4143 1176 4187 aar.
1194 4129 1376 4206 miscuisses,

112 4211 199 4277 buch.
218 4235 280 4278 ens.
300 4212 410 4295 5051).

150 4315 294 4392 Bipedulis
320 4324 350 4377 ct
373 4313 540 4392 procerior3
567 4309 660 4370 iacies
676 4307 711 4368 lt.
732 4306 893 4370 Baanalici
907 4328 926 4369 a
941 4327 1000 4386 qno
1026 4312 1172 4374 involucri
1198 4315 1310 4392 phyllis
1330 4337 1383 4380 sn-

113 4405 297 4482 guslioribus,
328 4405 459 4483 squamis
488 4402 519 4461 in
540 4401 647 4459 aristes
673 4401 833 4459 attenuatis
861 4407 891 4458 ei
909 4400 1020 4475 carycis
1038 4399 1176 4463 dentibus
1194 4411 1383 4470 mucronstis

114 4491 210 4554 differt
234 4495 336 4556 Refert
350 4509 468 4572 quoque
484 4490 521 4552 h.
537 4489 734 4550 Liburnicum
749 4489 834 4550 mute
857 4489 1079 4567 quadrangulo,
1104 4492 1249 4556 involucri
1266 4497 1381 4574 phyllis

113 4576 236 4654 loliscels
262 4587 361 4648 suum
380 4581 632 4657 distinguendum.
