3242 5186
682 317 748 384 353

83 454 159 538 stylo
178 453 286 519 orario
306 453 467 535 breviori,
489 453 622 520 silieulis
642 454 902 542 heteromorpbis
922 455 993 523 aliis
1013 454 1245 523 bilocularibus
1264 455 1353 522 orbi-

82 541 189 608 culatis
209 542 256 607 all
269 541 480 628 integerrima
497 542 649 630 utrinque
669 545 772 610 loculo
793 543 899 610 latiori
920 543 993 610 sinu
1013 545 1136 626 clauso,
1158 543 1228 611 aliis
1247 544 1354 611 unilo-

83 628 241 696 cularibus
260 630 435 696 urceolatis
455 631 504 696 ala
524 631 728 698 circulariter
747 633 917 698 convoluti
945 645 991 708 26.
1020 709 1024 716 ¹

119 735 198 795 Hab.
217 738 247 795 in
264 737 347 808 agris
375 735 468 811 Syriae
494 754 589 811 prope
607 738 723 811 Aleppo
743 736 806 814 (Ky
831 755 892 796 exe.
912 733 1015 816 261),
1032 739 1079 818 lad
1097 737 1215 812 Aleppo
1234 742 1264 796 et
1282 707 1355 798 Orsa
1436 697 1440 706 .

83 825 222 905 fflausslrl
242 827 280 884 ad
299 825 457 900 Rascbeya
472 825 635 886 Antilibani
651 825 791 906 (boisel),
809 827 847 886 ad
864 827 1045 887 Damascum
1061 826 1153 906 (Gaill
1163 825 1195 906 t).

119 927 226 987 Facies
242 927 439 1004 praecedentis
456 947 474 986 n
496 947 553 1004 quo
571 930 626 988 alis
644 929 843 1003 integerrimis
862 937 891 988 et
907 929 1029 990 silicnlis
1046 929 1278 991 unilocularibus
1297 947 1351 987 ur-

83 1018 199 1077 oeolatis
217 1018 324 1078 differt.

119 1275 180 1339 Ε.
204 1273 604 1360 campylopterum,
625 1273 709 1340 loliis
739 1275 888 1364 oblongis
919 1280 986 1346 lere
1012 1280 1163 1348 omnibus
1188 1281 1354 1351 sessilibus

81 1357 142 1426 basi
161 1359 318 1442 cordatis,
338 1360 474 1427 lloribus
493 1361 712 1428 mediocribus
731 1365 871 1448 carneis,
893 1369 1002 1456 calyce
1022 1369 1091 1436 basi
1112 1369 1293 1453 bisaeeato,
1314 1372 1353 1438 li-

82 1449 225 1516 lamcntis
243 1447 423 1536 majoribus
443 1449 582 1515 dilatatis
601 1449 687 1517 inter
705 1471 738 1517 se
758 1473 817 1539 per
836 1455 928 1542 paria
951 1457 1046 1543 longe
1072 1458 1241 1542 connexis,
1274 1462 1354 1550 stylo

82 1537 186 1604 orario
205 1537 359 1624 longiori,
380 1537 514 1604 siliculis
532 1537 683 1608 omnibus
696 1539 952 1609 unilocnlaribus
964 1545 1137 1612 urceolatis
1149 1547 1290 1634 globosis
1303 1571 1354 1616 ea·

83 1624 191 1693 tinctis
211 1628 262 1692 ala
280 1625 450 1712 marginali
471 1645 600 1692 sursum
621 1632 752 1695 curtata
770 1632 934 1698 crenulata
958 1632 1161 1701 circulariter
1185 1637 1354 1704 convoluta

85 1721 131 1792 Θ.
155 1713 407 1803 Campyloptere
427 1713 566 1799 Syriaco
586 1714 686 1782 Boiss.
709 1716 791 1782 dun.
816 1717 865 1785 Se.
888 1719 959 1787 Nat.
982 1719 1087 1804 lter,
1107 1743 1140 1810 p.
1165 1721 1241 1789 led.

118 1820 193 1880 Hab.
213 1819 243 1878 in
261 1821 342 1895 agris
359 1819 454 1894 Syriae
465 1817 581 1896 ¹(buch.
600 1837 662 1878 exs.
682 1816 792 1896 5591),
805 1823 844 1881 ad
862 1825 979 1900 Aleppo
998 1833 1027 1885 et
1044 1827 1154 1887 Aintab
1174 1825 1304 1908 (Haossk
1315 1831 1349 1910 l).

118 1920 214 1980 Affine
231 1922 411 1996 precedenti
428 1919 629 2008 quocumhoc
654 1922 690 1981 cl.
714 1921 780 1998 Gay
814 1925 969 2002 conjungit
992 1929 1045 1988 sed
1069 1930 1165 2006 msJor
1187 1948 1266 2006 saepe
1293 1949 1352 2006 pe-

82 2011 268 2160 ffliffoflrggg
285 2011 550 2087 majores3‘stylns
568 2009 728 2086 elongatus
748 2017 778 2072 et
794 2015 916 2074 siliculae
932 2017 1023 2078 multo
1041 2019 1171 2079 minores
1188 2037 1290 2080 omnes
1303 2039 1350 2081 ur·

119 2337 178 2402 Ε.
203 2333 472 2402 Buxbaumii
501 2332 620 2420 (Fiscb.
643 2333 676 2399 in
697 2333 799 2401 llorn.
822 2335 916 2402 Haln.
939 2335 1049 2425 Suppl.
1073 2337 1110 2404 71
1141 2341 1202 2406 sub
1233 2342 1348 2410 retes-

81 2422 161 2509 pidc)
182 2420 266 2488 loliis
286 2420 497 2488 inferioribus
518 2420 631 2503 ovatis,
653 2422 789 2490 caulinis
808 2424 1017 2492 acutiusculis
1036 2427 1105 2493 basi
1118 2429 1269 2512 cordatis,
1290 2430 1349 2498 llo-

85 2508 166 2577 ribus
186 2509 306 2597 parvis,
338 2508 510 2576 filamentis
536 2508 714 2597 majoribus
743 2510 882 2578 dilatatis
908 2512 998 2600 apice
1022 2514 1158 2602 abrupte
1178 2519 1349 2586 attenuatis

82 2598 123 2663 vel
138 2597 352 2676 subdendus,
367 2595 500 2664 siliculis
520 2597 671 2664 omnibus
691 2599 923 2667 bilocularibus
943 2601 976 2667 in
997 2623 1162 2670 racemum
1183 2605 1350 2694 lupulisor-

83 2706 157 2751 mem
186 2685 366 2752 imbricatis
392 2683 580 2752 orbiculatis
607 2685 665 2752 alis
693 2686 1034 2772 integris'rotundalis
1062 2691 1215 2780 utrinque
1242 2696 1349 2763 loculo

81 2772 253 2856 latioribus,
275 2773 348 2840 sinu
367 2773 529 2860 profundo
549 2775 669 2855 clause,
692 2775 773 2863 stylo
792 2775 982 2844 brevissimo
1005 2787 1056 2859 Θ.
1085 2779 1185 2846 Buxb.
1208 2780 1296 2850 Gent.
1321 2783 1347 2867 l,

9 2923 10 2926 ,
80 2879 106 2946 p.
127 2861 161 2944 ⁶2,
181 2861 245 2928 tab.
269 2859 303 2944 5,
324 2860 345 2926 f.
362 2863 392 2926 l.
420 2861 742 2947 Thlucpc'drobicum
760 2861 826 2928 ΜΒ.
849 2863 958 2953 Suppl.
982 2887 1015 2954 p.
1037 2865 1114 2934 430.
1136 2867 1348 2940 AErtioeema

81 2946 331 3038 Cappadooioum
349 2947 484 3036 Spreng.
508 2949 587 3016 Nor.
609 2950 652 3036 pl.
676 2949 702 3030 l,
724 2949 756 3016 b.

117 3056 194 3116 Hab.
218 3056 249 3113 in
266 3055 392 3114 collibus
409 3055 496 3114 siccis
514 3060 543 3112 et
565 3056 645 3113 ervis
664 3055 781 3114 incultis
799 3055 936 3115 Thraciae
954 3045 1095 3135 (Grisebi
1109 3059 1138 3138 ),
1155 3063 1244 3122 lolius
1268 3065 1347 3124 Ana-

78 3145 152 3204 toliae
167 3143 317 3204 interioris
333 3161 351 3202 a
368 3141 457 3202 Cariat
479 3148 509 3201 et
527 3143 622 3217 Lyoid
653 3134 752 3226 (boios
763 3134 792 3218 l)
814 3145 852 3204 ad
872 3145 1094 3222 Cappadociam
1112 3147 1210 3230 (Ball)
1229 3157 1257 3211 et
1276 3153 1345 3212 Gili-

79 3233 148 3292 ciem
160 3230 222 3318 (Ky
231 3230 263 3308 ll,
282 3231 423 3292 armenia
436 3231 565 3310 (Eucti),
579 3232 740 3306 provinciis
757 3233 1021 3298 Transcancasiois
1033 3237 1112 3310 (ΜΒ.
1124 3229 1211 3300 Hob!
1224 3237 1243 3321 l,
1258 3241 1348 3317 Syria

78 3322 178 3399 (luch.
197 3339 260 3384 exs.
278 3317 347 3384 540
359 3325 399 3398 l),
423 3322 527 3380 Persii
543 3323 655 3382 boreali
674 3320 782 3400 (Kyi).

118 3424 219 3483 Planta
234 3423 347 3498 pumila
363 3422 487 3483 siliculis
499 3422 614 3497 magnis
631 3423 722 3482 dense
740 3422 902 3484 imbricatis
922 3426 980 3487 late
998 3425 1097 3487 alatis.

466 3681 953 3780 mmmmmt

115 3903 203 4060 0³th
221 3903 293 3972 basi
313 3903 457 3992 aequalis.
481 3903 588 3972 Petala
607 3905 745 3990 integra.
767 3904 909 3976 Stamina
928 3909 950 3975 ll
968 3910 1016 3976 vel
1030 3908 1050 3975 b
1064 3911 1215 3980 edentula
1226 3914 1343 3984 libera.

76 3990 197 4060 Silicua
217 4014 235 4060 a
254 3993 355 4059 latere
374 4012 560 4080 compressa
580 3994 780 4062 subrotunda
804 4007 897 4064 ovata
920 3997 969 4065 vel
994 3997 1134 4085 elliptica
1160 3999 1348 4072 bilocularis
1476 4081 1479 4086 ,

76 4081 239 4149 dehiscens
257 4080 357 4147 valvis
376 4080 495 4233 affueris
514 4081 563 4147 vel
583 4081 688 4149 rarius
707 4082 812 4164 alatis
834 4085 948 4153 loculis
960 4085 1156 4155 uniovulatis
1169 4090 1276 4158 rarius
1297 4093 1347 4158 bi-

77 4170 204 4238 omlalis
225 4167 357 4257 (Confer
415 4222 421 4234 .
451 4169 588 4258 repens).
611 4168 820 4260 Colyledones
839 4171 1075 4242 incumbentes.
1098 4216 1142 4224 —
1162 4177 1279 4246 Herbae
1299 4182 1348 4248 vel

77 4257 254 4326 sullrntices
272 4255 408 4323 floribus
428 4257 560 4325 minutis
584 4257 665 4325 albis
692 4261 841 4345 (excepto
871 4263 908 4330 L.
928 4263 1101 4351 persoltuto
1131 4265 1267 4334 floribus
1297 4270 1348 4336 lu-

9 4371 10 4400 ÷
78 4346 268 4415 tescentibus
287 4345 433 4432 donato).

1172 4516 1207 4572 93
