3228 5204
868 393 933 464 7t0

257 533 424 604 sessilibus
455 535 487 603 in
519 537 716 624 glomerulos
747 534 829 602 7-10
848 535 946 602 liores
977 537 1067 602 valde
1097 535 1340 636 approximatos
1363 536 1536 624 dispositis,

256 625 360 712 calyce
381 625 522 710 oblongo
542 624 615 713 pilis
634 625 715 692 albis
734 624 989 712 subaequilongis
1009 625 1079 692 e'us
1099 625 1198 692 diam.
1224 625 1430 711 longioribus
1442 626 1538 693 dense

255 713 379 794 obsito,
408 713 496 802 stylis
523 713 676 780 brevibus
696 713 855 781 distinctis
878 722 927 794 Θ.
953 731 1003 780 no.
1025 648 1120 779 llam.
1143 713 1263 781 Paron.
1286 713 1352 781 tab.
1374 713 1409 780 3.
1433 754 1477 765 —
1496 715 1534 781 H.

253 823 366 869 annua
386 803 460 890 Lag.
484 801 563 870 Gen.
586 813 617 870 et
635 801 688 890 Sp.
711 825 742 891 p.
767 801 820 868 ta.

297 909 374 968 Hab.
394 910 423 968 in
444 911 529 970 cultis
547 911 697 969 sterilibus
714 917 743 968 et
760 911 796 968 ad
817 910 898 984 vias,
924 907 1023 970 Attica
1045 903 1162 991 (Heldr.
1189 909 1283 970 Herb.
1299 911 1408 971 Norm.
1428 908 1536 987 5582),

252 997 357 1058 (liliola
370 1000 402 1058 iu
419 1002 554 1060 arenosis
572 1001 724 1059 maritimis
742 999 780 1058 ad
799 1000 929 1058 Mersiua
946 991 1017 1084 (Bal
1028 995 1059 1080 l),
1077 999 1165 1074 Syria
1181 999 1220 1058 ad
1238 999 1368 1076 Aleppo,
1382 1001 1499 1062 Aintab
1511 1009 1537 1062 et

253 1089 303 1148 Bir
321 1085 503 1166 (Haueslsl),
521 1091 559 1150 ad
579 1089 756 1150 Damascum
777 1083 915 1174 (Gaittt),
933 1089 1091 1148 Palestina
1109 1077 1267 1171 (Boissl),
1289 1090 1409 1150 Arabia
1426 1099 1536 1167 petraea

252 1179 288 1236 ad
307 1177 424 1238 Nuookl
444 1167 589 1263 (Boissl),
605 1180 756 1255 AEgyptns
769 1179 806 1239 ad
826 1179 1035 1238 Alexandriam
1050 1170 1212 1258 (Samarll,
1230 1180 1403 1254 Babylonia
1418 1181 1534 1262 (Nobi),

251 1268 354 1327 Persia
372 1269 448 1328 inter
465 1268 593 1346 Ispahan
612 1275 641 1330 et
657 1269 795 1328 Teheran
812 1268 930 1346 (Bunge
944 1265 974 1348 l),
993 1268 1153 1346 nughauia
1168 1265 1299 1349 (erint).
1317 1269 1364 1328 Fi.
1383 1288 1470 1330 vere.

294 1366 329 1448 β.
352 1365 506 1432 ditandis.
529 1363 672 1432 Stamina
692 1364 780 1431 bina.
802 1364 844 1430 ll.
868 1365 1009 1432 dioadro
1031 1363 1140 1451 Bunge
1160 1365 1203 1452 pl.
1226 1363 1339 1431 Lehm.
1363 1386 1396 1453 p.
1422 1366 1506 1434 2961

294 1473 370 1534 Hah.
388 1475 417 1532 in
434 1473 635 1533 'I’nrkestania
655 1471 760 1552 (Lehm
774 1471 809 1546 l).

296 1575 407 1634 Praeter
432 1591 584 1634 numerum
602 1576 758 1635 staminum
787 1575 867 1634 nulli
896 1577 968 1633 noti
983 1591 1002 1632 a
1020 1579 1092 1648 typo
1110 1572 1209 1632 differt
1228 1579 1257 1631 et
1275 1576 1445 1650 speeimina
1457 1577 1529 1635 Ara-

249 1665 317 1724 biea
339 1664 464 1724 formam
488 1665 692 1724 intermediam
715 1665 891 1724 staminibus
910 1664 1057 1723 fertilibus
1074 1659 1147 1725 2-5
1164 1671 1193 1722 et
1209 1659 1362 1726 sterilibus
1379 1665 1528 1725 interdum

248 1753 397 1814 nonnuliis
413 1755 554 1830 prebent.
658 1821 660 1824 ,

247 1947 266 2006 b
292 1853 350 1916 Ar.
374 1854 497 1934 Geogr.
523 1857 624 1917 Insula
641 1856 855 1930 (lanarienses,
880 1857 963 1929 regio
990 1855 1208 1914 Mediterranea
1225 1856 1355 1932 linropae
1371 1863 1402 1916 et
1419 1857 1528 1917 Atrion

268 1948 386 2006 arealis.

291 2182 340 2248 H.
361 2181 523 2281 glabra
542 2177 591 2265 (L.
615 2177 668 2266 Sp.
691 2175 770 2264 317)
791 2179 925 2264 glabra,
947 2179 1046 2246 ramis
1064 2177 1218 2245 tenuibus
1237 2176 1425 2266 prostratio,
1446 2176 1526 2243 loliis

247 2268 394 2356 oblongis
414 2267 482 2335 bosi
503 2272 665 2334 attenuata
685 2266 848 2332 interdum
869 2267 997 2346 citieus,
1018 2267 1154 2335 lloribus
1173 2265 1341 2334 sessilibus
1361 2263 1394 2331 in
1409 2266 1525 2352 glome

247 2359 334 2426 rulos
353 2359 493 2424 alternos
512 2353 687 2422 7-8-doros
706 2354 939 2443 oppositifolios
958 2355 1134 2444 dispositis,
1155 2354 1273 2444 ealycis
1286 2354 1522 2422 breviterorati

245 2446 348 2534 glabri
367 2445 492 2513 laciniis
511 2443 655 2526 obtusis,
676 2445 755 2531 stylo
774 2443 964 2512 brevissimo
983 2445 1083 2512 bifido
1102 2443 1307 2530 stigmatibus
1326 2443 1523 2530 divergenti·

246 2535 306 2606 bus
327 2547 362 2620 Θ
384 2535 432 2601 vel
451 2553 644 2622 perennans.
667 2531 758 2620 Engl.
782 2533 850 2600 Bot.
873 2533 936 2600 tab.
960 2533 1037 2601 906.

291 2645 365 2705 Hab.
384 2644 414 2702 in
431 2643 516 2704 eultis
534 2643 572 2701 ad
591 2639 720 2700 Carlora
738 2641 873 2702 Thracia
890 2638 1017 2726 (Frivl),
1037 2643 1228 2718 Archipelagi
1245 2643 1296 2716 (ex
1314 2639 1415 2700 Sibth.
1426 2639 1450 2717 ),
1469 2641 1521 2699 Ar-

244 2735 347 2796 meniae
363 2733 499 2793 Turreieae
518 2721 622 2812 (Oalrl
643 2731 740 2791 Tehih
751 2731 793 2806 i),
812 2731 930 2792 Tauriae
946 2737 975 2792 et
992 2751 1074 2808 pror.
1095 2731 1324 2792 Oaueasioarum
1342 2729 1471 2807 (Ledeb
1482 2729 1518 2810 l),

243 2825 336 2900 Syriae
351 2824 389 2883 ad
404 2823 521 2898 Aleppo
539 2827 569 2881 et
584 2822 636 2880 Bir
654 2811 821 2904 (Hausskl)
839 2823 914 2882 etin
931 2824 1054 2899 regione
1073 2823 1174 2897 alpini
1191 2821 1298 2880 montis
1317 2819 1452 2879 Hermon
1469 2820 1520 2894 Sy·

243 2916 295 2975 riae
313 2910 418 2993 (Gailli
436 2911 485 2987 Ky
498 2929 560 2970 exe.
577 2908 640 2972 2«ss
657 2903 693 2996 l).
712 2911 757 2970 rt.
774 2929 854 2985 vere,
869 2919 933 2972 met.

287 3013 344 3074 Ar.
370 3021 492 3091 (teogr.
517 3014 647 3089 Europa,
665 3013 820 3088 Songaria,
838 3013 949 3074 Sibiria
966 3015 1093 3075 Altaiea.

284 3271 335 3340 Η.
354 3270 536 3338 hirsuta
556 3264 605 3351 (t.
619 3263 672 3352 Sp.
694 3257 774 3348 stt)
795 3269 860 3326 tota
882 3259 978 3340 hirta,
1000 3257 1099 3325 ramis
1120 3257 1301 3345 prostratis,
1324 3257 1410 3326 loliis
1431 3259 1521 3414 ellip

240 3356 465 3443 ticooblongis
484 3354 554 3422 basi
582 3349 774 3430 attenuatis,
800 3347 937 3414 lloribus
960 3345 1128 3414 sessilibus
1154 3345 1186 3412 in
1213 3347 1413 3431 glomerulos
1442 3347 1477 3414 7-

238 3449 336 3516 doros
355 3444 531 3534 dispositis,
552 3441 666 3530 balgeis
685 3436 815 3523 oblongi
836 3435 962 3504 laciniis
982 3442 1049 3503 seta
1061 3433 1201 3522 longiori
1221 3435 1419 3520 terminatis,
1442 3438 1518 3524 stig-

238 3536 378 3604 matibus
397 3531 625 3602 subsessilibus
648 3537 683 3609 Θ
711 3537 743 3594 et
766 3525 885 3613 saepius
905 3543 1099 3612 perennans
1122 3523 1213 3610 Engl.
1236 3522 1305 3592 But.
1329 3525 1394 3592 tab.
1419 3524 1518 3593 tata.

281 3645 358 3703 Hab.
379 3643 409 3700 in
426 3639 544 3699 ineultis
568 3638 674 3713 sepius
695 3635 862 3700 montanis,
891 3632 1033 3692 Laeoniae
1058 3631 1096 3690 ad
1117 3631 1232 3706 Hagios
1255 3632 1362 3692 Petros
1379 3631 1520 3708 (Orpbt),

236 3733 343 3794 Attium
358 3732 396 3792 ad
416 3730 597 3788 Pentelieum
615 3727 720 3798 (Heldr
732 3713 767 3802 l),
787 3723 897 3782 Eubeae
912 3723 942 3782 in
959 3727 1058 3782 monto
1079 3720 1188 3796 Delphi
1207 3710 1362 3800 (Hadri),
1381 3723 1521 3783 Thraeia

235 3820 318 3905 (miv
331 3812 371 3902 l),
389 3820 525 3896 Byzantii
543 3817 624 3892 (Noli
634 3817 665 3896 i),
685 3814 779 3874 (laria
796 3814 824 3872 in
842 3813 965 3888 regione
982 3811 1081 3872 media
1092 3809 1308 3886 Oadmi(Boiss
1320 3811 1356 3891 l),
1374 3811 1519 3887 Syriaead

234 3912 396 3988 Berythum
415 3901 509 3992 (Bit),
527 3927 612 3983 prov.
628 3903 947 3965 Transoaneasioarnm
966 3901 1095 3978 (curt
1113 3896 1259 3980 Helleni).

279 4011 336 4073 Ar.
361 4009 482 4089 Gangr.
507 4011 638 4083 Europa.

277 4261 327 4329 H.
347 4259 619 4328 Parnasstoa
638 4254 762 4340 (Heldr.
785 4264 816 4319 et
835 4252 957 4320 Sertori
977 4251 1011 4318 in
1032 4253 1132 4320 Boiss.
1156 4253 1270 4340 Diagn.
1286 4253 1356 4322 Ser.
1373 4256 1413 4338 tl,
1433 4256 1461 4338 l,
1480 4277 1511 4343 p.

231 4347 307 4436 95),
335 4347 434 4414 ramis
460 4344 628 4434 prostratis
653 4341 820 4430 puberulis
847 4341 961 4408 subtus
982 4341 1221 4425 radicantibus,
1243 4343 1327 4410 loliis
1347 4345 1448 4412 oratis
1467 4346 1513 4410 rel

230 4434 527 4506 ovato-orbiculatis
553 4430 769 4500 obtusissimis
799 4429 920 4516 glabris
950 4430 999 4496 vel
1030 4429 1200 4514 eiliatulis,
1232 4431 1361 4521 stipulis
1391 4433 1514 4519 magnis

227 4525 416 4602 fimbriatis,
449 4523 586 4589 lloribus
612 4520 754 4586 breviter
778 4517 975 4606 pedieellatis
1001 4518 1036 4584 in
1055 4519 1253 4603 glomerulos
1273 4521 1510 4676 opppsitiiolios

229 4613 287 4680 5-7
309 4613 407 4679 iloros
427 4611 511 4678 loliis
531 4608 732 4677 intermixtos
753 4605 936 4695 dispositis,
969 4607 1085 4694 calyois
1110 4608 1193 4674 oveti
1219 4608 1305 4696 pube
1350 4611 1513 4678 rarissima
