3300 5192
703 385 769 452 tte

102 528 228 610 6951),
247 531 349 590 insulis
374 530 540 606 Astypaled
558 517 674 609 (Urvi)
694 535 722 588 el
737 529 813 602 Syri
834 527 990 610 (Bomoi),
1013 529 1083 589 Asis
1102 530 1207 589 minori
1233 522 1329 606 (Sibth
1342 531 1373 606 l),

6 515 9 738 d
102 621 198 697 Lydii
213 621 251 680 ad
269 620 421 696 Smyrnam
439 621 518 692 (Bal.
539 637 600 680 ess.
619 610 732 704 Ηὸῑ),
751 619 788 678 ad
807 619 927 680 Tralles
944 617 1041 700 (Boios
1053 620 1089 698 l).
1107 620 1153 680 Ill.
1172 619 1239 680 Jun.

6 743 8 820 p
144 725 250 783 Petale
270 725 333 784 basi
351 725 508 785 maculato.
527 724 656 799 Gepsnla
674 724 778 800 calyce
794 725 925 784 brevior.

137 955 185 1021 V.
210 954 393 1042 hispida
425 954 540 1040 (Boiss.
563 953 676 1041 Diagn.
699 953 767 1021 Ser.
791 955 832 1036 ll,
853 955 891 1038 V,
913 975 943 1042 p.
966 953 1030 1043 57>
1062 955 1369 1040 glanduloso-hirta,

94 1041 232 1110 floribus
252 1043 406 1110 solitariis
426 1054 456 1109 et
475 1043 514 1110 ad
541 1043 666 1130 apicem
692 1045 894 1110 ramulorum
920 1043 1066 1110 brevium
1094 1043 1154 1110 Μ
1179 1045 1372 1115 lasciculatis

92 1131 256 1284 fiedl⁰0¹¹⁰
276 1133 381 1232 calyce
400 1130 461 1199 Μ
473 1133 532 1286 plo
551 1131 691 1198 breviori
711 1131 862 1214 suffultis,
896 1132 1013 1220 calycis
1039 1131 1182 1199 breviter
1206 1135 1372 1223 cylindrici

113 1240 158 1286 est
178 1229 337 1287 attenuati
358 1219 454 1288 costis
515 1219 627 1288 validis
647 1219 827 1288 rotundatis
851 1220 1020 1286 intervallo
1045 1221 1295 1290 membranaceo
1322 1226 1369 1292 la-

94 1305 232 1374 tiuseulo
253 1307 407 1397 sejunctis
426 1309 577 1376 dentibus
596 1309 753 1376 subulatis
773 1309 1093 1395 subdivergentibus‚
1121 1311 1300 1398 petalorum
1326 1314 1372 1381 la-

95 1395 179 1462 mind
200 1407 296 1464 acute
317 1409 349 1465 et
366 1400 462 1484 longe
479 1397 579 1464 bifida
597 1397 667 1464 basi
686 1397 773 1464 nuda
796 1406 847 1478 Θ.

73 1559 80 1574 ,
134 1501 213 1561 Hah.
234 1504 264 1560 in
283 1504 424 1578 pomariis
450 1505 595 1562 montonis
613 1503 717 1578 Lydiae
740 1503 778 1560 ad
796 1501 938 1578 Bozdagh
957 1502 1057 1561 Tmoli
1083 1504 1277 1565 occidentalis
1293 1509 1371 1581 (Bal.

94 1607 154 1651 ens.
174 1588 288 1670 tlte),
306 1593 335 1650 in
353 1593 480 1652 collibus
495 1592 635 1668 Phrygis
651 1609 746 1668 propo
765 1590 890 1652 Ouchsk
903 1589 978 1672 (Bal.
996 1609 1058 1652 ens.
1078 1587 1166 1655 1505
1188 1586 1283 1682 bisi).

135 1690 243 1751 Facies
263 1693 471 1766 praementis,
491 1693 578 1768 calyx
596 1693 646 1751 vix
663 1686 743 1774 372
761 1693 856 1752 lineas
874 1693 991 1768 longus.

496 1945 687 2020 ultumos
706 1946 750 2042 (t.
781 1946 855 2022 een.
883 1947 975 2042 ecs).

133 2167 184 2236 Cat
206 2191 226 2234 x
248 2167 319 2236 basi
340 2175 527 2256 squamatus
547 2165 717 2233 tubulosus
738 2165 964 2234 multinervius
984 2167 1290 2256 quinquedentatus
1317 2173 1373 2240 Pe·

94 2259 153 2324 tala
172 2191 205 2322 p
214 2256 339 2324 lamini
362 2255 484 2344 patenti
509 2253 636 2341 integra
662 2254 792 2320 dentata
818 2255 865 2320 vel
893 2255 1063 2338 multifida,
1092 2256 1172 2324 socie
1192 2259 1304 2345 glahrd
1323 2264 1372 2329 vel

93 2345 203 2433 pilosa.
226 2344 374 2412 Stamina
393 2342 448 2411 to.
481 2342 585 2410 'forus
604 2343 638 2409 in
657 2342 882 2430 gynophorum
902 2342 1081 2430 elongatus.
1117 2343 1158 2412 Ca
1183 2349 1252 2414 sula
1272 2349 1372 2437 cylin-

93 2435 179 2502 drica
201 2435 256 2501 vel
279 2443 371 2501 ovata
393 2433 597 2520 polysperma
623 2431 883 2518 quadridentata.
916 2429 1083 2499 Seminum
1103 2367 1276 2502 umdilicus
1295 2459 1371 2504 cen-

93 2523 189 2590 tralis.
213 2521 357 2611 Embryo
376 2519 636 2588 excentricus.—
649 2518 764 2586 Herbae
784 2517 868 2586 loliis
881 2519 999 2607 saepius
1019 2521 1163 2608 angustis
1179 2523 1366 2608 gramineis.

93 2609 218 2698 Species
239 2611 326 2677 inter
345 2631 378 2676 se
397 2607 487 2675 valde
508 2606 620 2674 affines
640 2617 671 2674 et
689 2607 723 2674 in
743 2606 901 2674 sectiones
924 2610 1089 2678 naturales
1109 2609 1239 2678 difficile
1259 2613 1369 2680 distri-

6 2759 7 2790 *
92 2698 240 2783 buendae,
263 2697 426 2765 nonnullae
446 2693 556 2763 forsan
577 2695 662 2763 notis
682 2694 779 2762 nimis
799 2694 922 2764 levibus
942 2696 1114 2766 distinctae.

401 2936 591 3028 Cetespectcs
614 2939 794 3027 specierum
819 2937 1052 3008 Orientalium.

176 3152 192 3239 ἓ
216 3151 250 3218 l.
276 3153 575 3221 verruculosi.
595 3191 639 3199 —
659 3149 765 3235 Calpe
783 3157 909 3218 cortices
927 3153 1066 3219 strictus
1084 3161 1114 3220 et
1132 3163 1289 3240 pretereo
1307 3160 1372 3224 mi·

354 3247 432 3306 acle
449 3239 688 3306 eerrucclosus.
715 3239 867 3327 Sqoomae
887 3248 1063 3328 quaterem.
1091 3241 1185 3310 Folio
1208 3245 1369 3331 iuferiora

356 3329 417 3394 sub
439 3327 568 3395 catheci
589 3328 766 3395 catorcide.

225 3518 244 3554 ⁴*
267 3517 375 3579 Annui.
394 3519 522 3580 Lamina
538 3521 603 3581 basi
621 3521 738 3598 glabra.

134 3647 411 3724 diripiendam,
440 3645 525 3722 Cyri.

227 3824 246 3859 ἃ
269 3823 287 3858 ³*
311 3823 470 3884 Perennos.
489 3822 615 3882 Lamina
642 3823 707 3883 bosi
734 3823 899 3885 barbulsts.
929 3823 1069 3884 Donlium
1098 3827 1210 3904 ealyeis
1228 3830 1312 3888 nervi
1330 3833 1369 3892 ad

361 3913 456 3972 latera
473 3913 589 3972 sinuum
605 3913 654 3972 siti
672 3929 759 3974 secus
777 3915 878 3973 tubum
892 3919 1029 3974 cestorum
1042 3931 1180 3975 enervem
1195 3919 1262 4000 plus
1275 3919 1370 3981 minue

359 4003 448 4077 longe
467 4003 667 4062 decurrentes.

139 4127 173 4188 li.
192 4127 445 4204 meltipcactotos‚
468 4127 617 4197 sumator,
644 4125 842 4200 didicimus,
860 4127 1042 4204 polyclcclce.

183 4323 199 4410 5
222 4323 254 4389 i.
280 4324 532 4410 Letopecalt.
556 4361 600 4370 -
627 4320 733 4409 Colpe
750 4324 1048 4389 stricto-nereosus.
1071 4323 1210 4392 Lumine
1229 4329 1303 4394 albo
1321 4331 1370 4396 vel

357 4411 480 4490 pallide
492 4432 580 4478 roseo
596 4412 737 4498 intepret,
750 4419 893 4494 cremato,
911 4411 960 4476 cel
976 4411 1121 4494 motato,
1134 4414 1189 4479 sed
1199 4435 1370 4504 nunquam

357 4493 535 4586 fimbriato,
557 4499 626 4567 bosi
643 4499 759 4586 plcbre
778 4519 949 4586 nunquam
968 4499 1150 4566 borbclolo.
1178 4540 1222 4550 —·
1245 4504 1371 4592 Species

357 4608 522 4676 percurres.
