3156 5176
642 377 706 446 att

86 520 187 580 Facies
210 521 243 580 A.
266 523 401 582 maioni
424 521 477 581 aed
506 521 705 581 indumentum
728 526 758 580 et
785 503 912 582 stamina
939 521 1067 583 diversa.
1093 522 1217 585 Silioula
1247 543 1308 584 non

52 615 118 670 nota.

83 804 125 870 Δ.
149 805 324 875 mulleri
355 803 470 890 (Boiss.
498 815 529 869 et
548 802 652 869 Bubse
672 804 761 870 Aula
785 825 817 891 p.
841 803 897 891 16)
930 807 1207 894 lepidoto·canum
1238 808 1308 875 basi

52 891 277 973 sutt'mteseens,
306 891 452 959 carnibus
472 891 602 980 pumilis
622 892 885 975 ascendentibus,
918 894 1002 961 loliis
1022 895 1309 962 eborata-lineari-

1 1009 2 1018 *
53 980 111 1060 bns,
140 979 313 1047 filamentis
332 980 484 1048 omnibus
503 1003 522 1046 a
541 979 610 1046 basi
630 980 670 1046 ad
690 981 815 1067 apicem
835 981 955 1048 sensim
975 985 1166 1067 attenuatis,
1198 985 1311 1072 petalis

52 1067 198 1152 eboratis,
230 1089 360 1136 racemo
385 1069 551 1136 fructifero
571 1067 659 1135 brevi
680 1089 743 1134 non
764 1079 948 1152 contracto,
982 1071 1116 1139 siliculis
1145 1073 1311 1161 pedicellis

1 1213 2 1226 ,
52 1157 272 1244 erecto-patulis
292 1157 431 1224 sullultis
451 1157 600 1246 lepidotis
623 1157 723 1224 oratis
749 1159 830 1246 stylo
856 1159 1101 1246 subaequilongo
1127 1161 1309 1248 apiculatis,

1 1243 2 1280 ³
52 1245 211 1312 seminibus
229 1245 350 1333 apteris
377 1258 424 1322 ᾏ.

85 1355 154 1414 Hah.
175 1356 203 1413 in
220 1355 364 1414 Armenia
380 1353 509 1414 Turoica
528 1348 637 1434 (Ancb.
651 1371 712 1412 ers.
732 1351 794 1416 25l
812 1353 845 1432 l),
865 1355 1009 1415 Armenia
1025 1357 1151 1418 Rossica
1168 1359 1197 1417 in
1210 1364 1310 1419 monte

51 1444 191 1521 llisildagh
221 1463 316 1520 prope
344 1445 455 1503 Erivan
485 1441 640 1522 (Bubsell,
664 1443 767 1503 Persia
792 1445 906 1505 borcali
929 1445 960 1504 in
988 1454 1086 1506 monte
1103 1447 1212 1508 Elbrus
1233 1455 1262 1508 et
1280 1449 1310 1507 in

51 1553 120 1609 pror.
137 1533 310 1594 Kboraasan
330 1531 490 1617 (Bongell,
510 1535 539 1591 in
556 1534 705 1593 montibus
722 1552 817 1609 prope
835 1535 917 1593 Yezd
937 1531 1045 1618 (Buhsc
1058 1534 1092 1616 l).

86 1636 185 1696 Facies
202 1637 362 1697 formarum
381 1637 459 1696 loliis
485 1638 567 1696 canis
584 1637 717 1710 angustis
735 1635 770 1696 A.
790 1638 923 1698 montom
957 1638 1079 1700 Silioula
1094 1637 1116 1700 2
1134 1641 1229 1698 lineas
1245 1645 1309 1700 tan-

52 1731 100 1784 lom
115 1727 209 1802 longa.
659 1741 665 1749 '
1286 1753 1288 1760 ¹

85 1921 126 1987 tt
147 1919 377 1987 Persicum
404 1918 520 2005 (boiss.
542 1919 624 1985 Ann.
648 1918 697 1986 Sc.
721 1913 791 1986 Nat}
816 1917 915 2001 tilla,
938 1940 970 2006 p.
993 1918 1072 2007 152)
1098 1920 1307 2008 lepidoto-ar-

51 2021 182 2092 penteum
203 2007 460 2089 sull'mlicosum,
492 2008 639 2074 caulibus
666 2007 782 2074 erectis
809 2008 900 2074 elatis
928 2009 1113 2088 ramulosis‚
1146 2008 1229 2077 loliis
1249 2010 1307 2076 ob-

53 2095 328 2180 longolaneeolatis
342 2095 479 2178 obtusis,
500 2095 614 2183 petalis
634 2096 778 2164 obovatis
798 2095 947 2183 integris,
969 2095 1142 2163 filamentis
1155 2098 1308 2166 omnibus

52 2183 108 2250 basi
125 2183 259 2251 dilatatis
279 2183 451 2266 edentulis,
479 2205 608 2252 racemo
629 2185 795 2251 fructifero
815 2186 962 2271 elongato
982 2186 1066 2265 laxo,
1094 2185 1227 2252 siliculis
1251 2209 1307 2276 pc-

52 2271 156 2339 dicellis
181 2272 299 2338 strictis
325 2272 373 2338 eis
398 2272 602 2360 longioribus
628 2273 766 2340 suffultis
793 2273 941 2360 lepidotis
967 2273 1093 2360 magnis
1119 2274 1307 2344 orbiculatis

53 2363 118 2449 stylo
135 2362 178 2428 eis
196 2361 380 2448 aeqnitongo
400 2361 580 2449 spiculatis,
603 2361 781 2429 seminibus
801 2363 863 2428 late
884 2360 1073 2447 marginatis
1099 2372 1142 2436 26.

86 2467 155 2526 llab.
173 2467 201 2525 in
219 2467 325 2526 Persia
342 2485 437 2542 prope
455 2466 580 2543 Ispahan
598 2467 707 2544 (Auch.
725 2485 787 2527 exs.
806 2463 937 2548 4089t).

1 2587 2 2646 l
86 2569 183 2627 Cautes
198 2569 320 2628 floriferi
341 2564 421 2652 Ἠ
444 2571 581 2646 pedales,
602 2570 673 2630 lolia
696 2571 812 2646 majora
829 2565 904 2654 Ἡ
933 2571 1073 2646 pollicem
1091 2571 1200 2644 longa,
1216 2569 1306 2628 florea

1 2659 2 2726 l
54 2660 85 2716 eis
99 2657 132 2717 A.
153 2662 282 2718 montani
300 2661 387 2734 paulo
414 2661 559 2737 majores,
579 2661 701 2720 silicolae
722 2666 842 2720 maturae
859 2661 1004 2719 diametro
1028 2665 1088 2719 tres
1116 2659 1210 2717 lineas
1230 2659 1305 2718 latai.

1 2749 2 2832 l
53 2747 156 2822 Species
173 2751 304 2810 caulibus
331 2751 418 2809 elatis
442 2757 471 2809 et
495 2751 657 2810 seminibus
682 2751 740 2808 late
760 2751 933 2826 marginatis
951 2751 980 2808 in
1006 2768 1098 2825 grege
1117 2747 1151 2808 A.
1172 2751 1306 2809 montani

1 2841 2 2886 l
53 2837 260 2900 distinctissime.

493 3000 511 3034 ³*
535 3001 553 3036 i
576 3001 698 3077 Species
717 3019 830 3060 annuae.

342 3169 363 3239 †
388 3166 491 3223 Petale
509 3165 612 3240 calyce
631 3165 736 3224 saltem
753 3165 841 3240 duplo
858 3163 1004 3240 longiora.

87 3325 126 3391 A.
146 3325 471 3409 macrostylum
501 3321 617 3408 (Boiss.
640 3333 671 3386 et
693 3321 775 3388 lluet
799 3322 831 3388 in
852 3323 895 3409 pl.
919 3322 1007 3386 Arm.
1031 3322 1114 3408 ers.)
1141 3321 1227 3420 pube
1254 3341 1305 3387 ra-

50 3417 124 3478 mosi
139 3414 241 3499 patula
261 3411 472 3498 strigulosum
493 3429 678 3491 canescens,
711 3410 809 3477 ramis
829 3409 980 3476 brevibus
1001 3420 1169 3497 prostratis
1187 3411 1233 3474 vel
1254 3431 1306 3476 as-

51 3500 252 3582 tendentibus,
275 3499 360 3566 loliis
380 3499 523 3566 obovatis
545 3499 593 3565 vel
612 3498 773 3585 oblongis,
795 3498 909 3587 petalis
928 3497 1130 3564 ocbroleucis
1149 3497 1305 3584 oblongo-

51 3589 216 3674 spatbulatis
230 3589 378 3675 integris,
400 3587 573 3654 filamentis
593 3586 772 3687 majoribus
792 3589 841 3654 ala
861 3587 894 3652 in
914 3585 969 3652 ld
982 3585 1162 3653 denticulos
1173 3585 1306 3653 abeunti

50 3676 210 3746 minoribus
230 3678 408 3766 appendice
434 3675 533 3742 bifida
560 3674 687 3759 obsitas,
715 3675 849 3743 siliculis
868 3675 1025 3762 pedicello
1044 3674 1166 3762 patenti
1185 3675 1234 3741 vel
1254 3697 1306 3741 re·

51 3786 129 3834 euno
147 3765 284 3833 suffultis
304 3765 431 3852 magnis
451 3763 632 3850 strigulosis
659 3763 759 3832 oratis
786 3765 865 3853 stylo
892 3763 938 3830 eis
965 3763 1211 3850 subaquilongo
1238 3762 1307 3850 api·

51 3856 155 3938 culatis,
182 3855 306 3923 semino
338 3864 449 3942 aptero
484 3861 533 3932 O.
568 3851 608 3918 A.
630 3849 890 3941 ctrratbomrpum
918 3851 1018 3917 Boiss.
1046 3853 1129 3918 dnn.
1159 3851 1208 3918 Sc.
1232 3851 1303 3918 Nat.

54 3941 130 4028 ttlt,
151 3966 180 4031 p.
197 3941 274 4009 154.
297 3941 410 4028 biagn.
435 3941 504 4008 Ser.
529 3941 569 4023 ll,
592 3941 628 4022 ll,
650 3963 681 4030 p.
698 3938 739 4008 37
762 3943 896 4030 (nomen
917 3961 954 4006 ex
974 3940 1084 4006 orario
1100 3939 1232 4028 juniore
1251 3941 1307 4007 de·

50 4043 214 4121 promptum
234 4031 477 4120 improprium).

82 4143 149 4202 Hab.
167 4143 197 4200 in
214 4142 333 4201 incultis
352 4140 497 4199 Armeniae
513 4139 551 4198 ad
570 4139 732 4197 Fnzeroum
752 4137 858 4218 (Aucb.
880 4131 1043 4200 exs.4098
1061 4138 1108 4212 Al,
1123 4140 1201 4199 Huet
1213 4138 1249 4218 l),
1270 4141 1308 4199 ad

47 4231 157 4292 Balbout
174 4229 295 4312 (Bourg.
320 4233 374 4290 sub
400 4230 434 4289 A.
453 4229 629 4306 montano),
649 4230 676 4286 in
697 4235 797 4288 monte
823 4227 955 4303 Abdagb
983 4227 1077 4302 Syriae
1102 4231 1170 4290 bor.
1198 4229 1306 4307 (Auch.

50 4338 97 4380 ers.
115 4321 220 4399 abst),
240 4322 268 4379 in
289 4321 436 4381 montibus
456 4320 566 4380 Ciliciae
586 4319 726 4378 Kurdicae
743 4315 802 4400 (Ky
818 4337 880 4378 exs.
900 4315 968 4379 150
980 4311 1022 4403 l).

82 4423 178 4484 Facies
190 4423 224 4482 A.
240 4424 373 4483 meabat
392 4427 421 4480 et
434 4423 556 4482 rostrati
573 4419 625 4478 sed
643 4419 843 4479 indumentum
857 4421 1066 4494 striguloaum3
1085 4421 1122 4477 ab
1140 4419 1197 4479 haic
1209 4421 1310 4493 speeie

15 4541 18 4555 ·
50 4510 130 4572 differt
145 4514 278 4573 caulibus
295 4513 486 4588 abbreviatis,
505 4510 629 4572 alticulis
649 4509 739 4586 duplo
759 4510 923 4585 majoribus
937 4509 1032 4568 oratis
1049 4525 1104 4567 nec
1122 4510 1308 4586 orbiculatis,

50 4600 192 4664 seminibus
212 4603 333 4678 apteris.
