3228 5204
866 357 931 428 796

694 609 710 696 ᾗ
729 607 760 676 7.
786 612 1101 702 Taeniocarpia.

723 803 741 838 ⁴*
765 803 886 864 Semina
904 807 1063 882 papilloea.
1124 875 1128 882 ,

586 985 614 1068 †
639 988 862 1050 Infloresoentia
879 993 1204 1068 eymoso-eorymbme.

270 1267 275 1278 ,
302 1181 351 1251 Η·
372 1191 584 1262 scabrum
605 1195 652 1278 (L.
674 1197 800 1264 Amoen.
826 1198 878 1280 lV,
899 1218 931 1285 p.
954 1197 1032 1286 287)
1053 1196 1217 1284 glabrum,
1238 1195 1444 1278 muldoaule,
1464 1219 1539 1264 eau-

255 1267 339 1336 lrbus
358 1275 691 1374 glandulososoabris
715 1286 847 1354 rubellis
875 1285 1123 1354 ascendentibus
1142 1283 1276 1372 virgatis
1295 1284 1337 1350 ad
1359 1283 1470 1351 axillas
1488 1307 1540 1352 ra-

258 1359 410 1446 mulosrs,
437 1367 520 1434 loliis
544 1371 710 1440 sessilibus
734 1373 1093 1460 oblongo-linearibus
1120 1373 1245 1440 obtusis
1274 1371 1346 1439 basi
1366 1375 1540 1441 attenuatis

256 1465 367 1528 prosse
383 1455 752 1551 pellucido-punctalis,
778 1463 878 1552 rymis
898 1463 931 1530 in
951 1464 1141 1553 corymbum
1163 1462 1300 1529 densum
1322 1463 1539 1548 compositum

256 1538 427 1622 renierus,
451 1543 587 1614 braeleis
607 1550 943 1636 oblongo-linearibus
963 1552 1098 1638 inleg‘ris
1120 1550 1406 1632 membranaceis,
1428 1552 1539 1640 ealyeis

256 1628 374 1694 corolla
404 1631 498 1731 lpipnlo
523 1635 680 1706 brevioris
704 1641 742 1706 ed
769 1641 897 1708 terliam
919 1643 965 1708 vel
986 1639 1154 1708 dimidiam
1174 1649 1298 1728 perlem
1321 1637 1391 1705 lissi
1414 1641 1537 1707 laciniis

255 1713 455 1812 subenrrvns
480 1724 569 1811 apieo
596 1728 853 1797 membranaceis
878 1731 978 1796 oretis
1004 1732 1051 1796 vel
1071 1729 1219 1812 oblongis
1239 1726 1379 1813 inlegris
1399 1730 1449 1794 vel
1470 1750 1538 1796 ero·

255 1803 570 1904 sulrseglandulosis
595 1818 640 1882 rel
668 1817 829 1902 glandulis
860 1819 961 1904 nigris
991 1819 1157 1885 sessilibus
1189 1815 1405 1902 marginatis,
1439 1819 1535 1884 orarii

255 1890 365 1989 loonlrs
387 1896 485 1995 'lli-lb
498 1904 645 1985 ordiaris,
666 1908 804 1992 eapsnlae
818 1907 1009 1974 acriminalae
1022 1909 1129 1995 eelyeo
1148 1906 1187 1972 lri
1212 1907 1242 1971 lo
1263 1904 1425 1992 longioris
1438 1908 1538 1974 coeris

254 1977 425 2066 dispernns
452 2001 480 2064 κ
493 2043 498 2053 .
528 1990 708 2060 brosantne
732 1997 846 2063 scebro
865 1996 968 2084 Spacb
989 1998 1009 2062 l.
1033 1996 1086 2062 eil.
1110 2016 1140 2083 p.
1163 1927 1238 2062 eil.
1254 2033 1297 2042 ψ
1319 1992 1363 2059 Η.
1384 2017 1536 2083 asperum

255 2067 371 2138 liedeb.
396 2073 440 2173 El.
468 2079 528 2146 dli.
551 2080 612 2164 lll‚
645 2103 676 2169 p.
700 2081 777 2150 366.
808 2085 850 2151 le.
879 2085 924 2150 Fl.
949 2084 1040 2152 lloss.
1065 2084 1129 2150 lab.
1153 2082 1206 2150 17.
1235 2121 1275 2132 -
1303 2081 1349 2148 H.
1373 2105 1537 2169 cyneosam

255 2155 384 2226 llorlrsl.
409 2185 441 2230 rn
463 2166 534 2234 Lor.
558 2170 674 2238 Wand.
698 2193 729 2259 p.
753 2171 818 2239 342
837 2195 874 2240 ex
893 2173 1046 2262 descript.

299 2265 374 2327 Hab.
394 2269 422 2327 in
442 2273 576 2345 collibus,
597 2277 677 2353 agris
697 2279 815 2338 inoullis
834 2281 995 2356 montanis3
1014 2279 1275 2338 inabstralioribns
1293 2276 1442 2351 alpinum,
1459 2281 1534 2336 Ana·

254 2355 326 2412 lolia
344 2356 407 2418 bor.
425 2363 463 2420 ad
482 2363 624 2425 Kadikidi
642 2373 671 2426 el
696 2367 798 2428 Tokai
814 2369 1017 2446 (Wiodeml),
1047 2368 1142 2443 Lyeia
1166 2367 1178 2445 (
1188 2356 1307 2442 Bourg!
1322 2363 1349 2442 ),
1379 2366 1535 2442 Lycaonia

254 2441 359 2520 (Heldr
372 2445 407 2528 !)‚
427 2451 539 2514 Oinone
558 2463 673 2517 montes
690 2451 774 2544 (Kyl
794 2453 890 2540 Beli),
904 2459 1097 2533 Cappadocia
1113 2455 1188 2540 (Ano
1201 2480 1219 2516 ι.
1234 2475 1296 2516 exe.
1312 2447 1433 2538 8941),
1447 2459 1533 2533 Syria

251 2535 379 2596 borealis
396 2541 433 2600 ad
453 2542 563 2607 Ainlab
582 2554 611 2606 et
628 2547 714 2608 Nisib
735 2543 922 2630 (Harlesii),
943 2547 1074 2608 Libanus
1091 2548 1128 2606 ad
1148 2548 1231 2606 liden
1258 2546 1341 2625 (ΒΗ)
1360 2553 1391 2606 ot
1421 2549 1529 2607 Antili-

252 2623 346 2684 banue
359 2627 423 2706 (Ky
434 2632 466 2710 l),
479 2635 760 2697 Armeniaanoioe
772 2633 1069 2720 (adornationem
1081 2637 1110 2694 in
1124 2643 1223 2696 monte
1233 2636 1367 2711 Alaghes
1381 2629 1488 2722 (διον
1498 2637 1530 2716 Ξ),

250 2713 488 2781 Transeaneasia
508 2719 627 2806 (Heben
639 2723 673 2803 l),
692 2727 795 2786 Persia
813 2729 876 2787 bor.
887 2727 948 2802 (Ky
966 2744 1028 2786 exe.
1044 2717 1146 2804 lool)
1158 2733 1187 2786 et
1204 2727 1232 2785 in
1246 2745 1331 2803 prov.
1348 2725 1528 2788 Kborassan

253 2799 330 2885 (Bge
343 2805 377 2884 l),
398 2810 502 2872 Persia
518 2815 656 2874 australis
676 2811 740 2899 (Ky
759 2835 821 2878 exo.
842 2813 952 2892 5801).
971 2815 1015 2876 Fi.
1037 2825 1099 2876 aest.

270 2903 329 3000 Ιβ.
354 2905 613 3007 lryssopisoliom.
638 2909 725 2977 Folia
754 2911 868 2978 latiore
886 2912 1045 2995 oblonga,
1079 2909 1414 2996 oeuliurnglandulae
1439 2931 1534 3067 5383).-

252 3011 353 3060 siores
374 3015 421 3060 vix
442 2999 647 3083 pronnnnlee.
674 2999 856 3068 Droeonllre
878 3001 1089 3088 hyssopisolio
1108 2999 1210 3087 Speoh
1230 2999 1291 3065 loo.
1318 2999 1372 3066 eit.
1395 3019 1427 3086 p.
1525 3054 1532 3065 .

294 3099 370 3161 Hab.
387 3104 416 3160 in
434 3102 538 3164 Persis
553 3107 629 3165 inter
646 3107 853 3170 Kermanebalr
872 3116 901 3167 et
918 3109 1072 3167 Hamadan
1091 3105 1182 3186 (Oliv.
1203 3109 1232 3164 in
1249 3126 1299 3168 no.
1318 3098 1435 3180 berbi).

294 3231 325 3290 7.
352 3201 586 3301 mioronlbom.
609 3203 721 3272 Canles
742 3207 797 3293 (an
818 3227 834 3272 e
855 3207 925 3272 loeo
944 3205 1121 3292 depaslo‘l)
1143 3203 1191 3270 vix
1211 3205 1425 3292 semipedales
1438 3205 1533 3272 valde

248 3287 444 3372 glandulosr,
467 3293 564 3359 liores
584 3293 738 3364 minores.
762 3295 804 3360 ll.
822 3295 975 3382 lloorpoei
995 3293 1095 3360 Boiss.
1118 3295 1150 3358 in
1172 3293 1288 3381 Bourg.
1311 3295 1354 3381 pl.
1371 3315 1438 3360 ers
1608 3361 1609 3368 ,

192 3415 196 3422 ’
290 3394 366 3453 Hah.
385 3397 413 3453 in
434 3397 552 3470 pascuis
570 3399 717 3458 Armenia
734 3419 826 3475 prope
845 3401 973 3461 Balbout
990 3399 1156 3476 (Bourg!)‚
1175 3399 1205 3458 in
1217 3399 1371 3472 'glareosis
1388 3399 1429 3458 ad
1445 3398 1528 3459 Nae·
1607 3387 1609 3460 s

248 3479 433 3544 kilnelrewan
453 3488 536 3548 Arm.
554 3489 687 3548 Rossioae
708 3489 806 3567 (Szow
818 3483 854 3572 l).
1606 3523 1608 3592 p

292 3581 349 3644 Ar.
375 3593 496 3663 Geogr.
523 3589 679 3666 Songaria.

293 3823 342 3889 H.
366 3823 480 3892 laeve
510 3825 631 3910 (lloiss.
655 3837 686 3892 el
707 3826 869 3912 llaussk.)
895 3825 1044 3910 glabrum
1071 3823 1270 3902 multicaule,
1292 3823 1441 3890 caulibus
1460 3825 1521 3890 lm-

249 3909 341 3975 ribns
362 3911 623 3999 sobsirnplioibns
637 3913 767 4000 virgnis
787 3937 822 3980 ox
840 3913 942 3980 nxillis
956 3913 1140 3994 ramulosis,
1162 3910 1245 3977 soliis
1265 3911 1433 3978 sessilibus
1446 3931 1532 3977 mar-

250 3998 324 4084 gine
344 4001 432 4066 valde
459 4003 638 4070 convolutis
661 4013 796 4090 angusto
821 4002 999 4069 linearibus
1025 4000 1150 4067 oblnsis
1173 3999 1529 4087 pellucido-punctalis,

249 4087 349 4155 ermis
368 4087 401 4153 in
422 4089 602 4176 ponienlem
623 4091 846 4178 eorprnbosnm
871 4091 1004 4157 densam
1030 4089 1160 4156 brevem
1181 4087 1362 4173 congestis,
1387 4088 1530 4156 braoleis

250 4161 581 4262 oblongo-linearibus
608 4180 936 4267 nigro-glandulosis,
957 4178 1071 4266 oalyeis
1090 4178 1211 4244 eorolld
1239 4177 1336 4264 triplo
1367 4177 1529 4245 brevioris

249 4265 288 4330 ad
311 4268 346 4347 ⁵7⁴
370 4267 476 4352 partili
503 4267 627 4334 laciniis
648 4267 955 4356 ellipsim-oblongis
982 4265 1211 4333 obtusinsonlis
1238 4265 1401 4350 glandulis
1421 4265 1527 4351 nigris

251 4353 417 4420 sessilibus
438 4355 638 4442 marginalis,
660 4357 759 4424 orarii
774 4357 878 4424 coreis
899 4353 1003 4424 ledo
1023 4353 1168 4433 onrlalis,
1191 4356 1379 4442 capsula...
1402 4367 1448 4430 bl.

296 4461 372 4520 llnb.
399 4463 427 4520 in
458 4463 582 4522 eollibns
601 4465 745 4524 oaleereis
770 4463 864 4538 Syriae
881 4465 944 4522 bor.
969 4469 999 4520 ot
1022 4461 1245 4535 Mesopotamia
1275 4461 1351 4520 inter
1368 4461 1475 4520 dintab
1496 4468 1526 4519 et

252 4547 335 4608 Nisib
354 4549 539 4630 (Haussknl)
566 4555 712 4612 Armenia
731 4554 834 4616 merid.
854 4554 891 4612 ad
908 4552 1044 4628 Kharput
1061 4549 1191 4628 (Nobi).
1212 4550 1257 4611 ill.
1276 4557 1339 4612 met.
