3228 5204
848 321 914 396 aut

239 465 317 534 sulis
336 465 439 554 planis
459 464 574 532 crebre
594 464 928 566 pellucidopunctatis
947 465 1048 532 oratis
1068 467 1115 532 vel
1135 466 1287 552 oblongis
1306 465 1446 550 obtusis,
1468 489 1523 556 cy·

238 553 299 622 mis
324 555 379 621 uni
406 555 454 620 vel
482 553 669 641 paucilloris
700 553 882 641 pameulam
914 553 1085 641 oblongam
1117 553 1348 636 formantibus,
1382 556 1524 622 bracteis

236 641 384 732 oblongis
414 641 563 729 integris
594 641 709 732 calycis
729 643 849 709 corolla
869 642 964 730 triplo
985 642 1142 710 brevioris
1163 644 1324 732 profunde
1343 644 1455 732 partiti
1477 646 1524 710 la-

236 731 331 798 ciniis
350 731 493 799 eboratis
512 729 728 797 obtusissimis
747 730 909 812 glandulis
929 731 1058 798 clavatis
1078 731 1180 818 nigris
1207 733 1307 800 dense
1334 733 1522 822 pectinatis,

236 819 337 888 orarii
356 819 471 887 loculis
490 817 551 886 sub
571 817 781 901 monuistis,
803 819 933 908 capsula
952 820 1090 907 oblonga
1111 822 1219 912 calyce
1240 821 1337 910 triplo
1357 822 1522 910 longiore,

236 907 415 976 seminibus
435 907 576 976 tenuiter
596 906 755 996 punctalis
781 916 826 982 tt.

281 1017 357 1076 Hab.
376 1017 404 1075 in
423 1014 564 1076 Armenii
576 1015 684 1084 (Aucb.
704 1033 766 1074 exa.
785 1011 854 1079 898
866 1018 897 1088 !)‚
918 1017 946 1075 iu
966 1016 1120 1076 cacumine
1139 1019 1247 1076 montis
1267 1017 1459 1094 Ringbldagb
1473 1019 1523 1080 alt.

236 1103 342 1170 8800'
356 1107 417 1182 (ΚΥ
435 1125 496 1164 eas.
516 1097 631 1188 tuot).
652 1104 697 1164 Fl.
718 1106 794 1182 Aug.

280 1208 370 1268 Facie
396 1206 492 1266 affinis
511 1205 547 1266 H.
571 1207 685 1283 repenti
704 1207 756 1265 sed
777 1208 840 1266 basi
867 1208 1098 1278 suflrutescens‚
1121 1208 1222 1267 caules
1239 1209 1353 1282 erecti,
1372 1209 1447 1267 tolia
1465 1227 1521 1267 non

236 1299 381 1374 revolute,
399 1297 622 1357 infloresoentia
639 1306 669 1354 et
686 1296 800 1356 semina
814 1297 946 1368 diversa,
965 1297 1054 1373 calyx
1068 1297 1408 1372 clavato-glandulosae

280 1557 330 1624 H.
352 1556 545 1626 Aucherl
576 1554 684 1644 (laub.
707 1563 738 1621 ct
757 1553 810 1643 Sp.
834 1555 894 1622 loc.
916 1553 970 1622 cit.
995 1554 1020 1638 l,
1042 1575 1074 1642 p.
1096 1553 1152 1637 ot,
1174 1555 1241 1621 tab.
1262 1553 1322 1642 31)
1354 1554 1517 1640 glabrum,

236 1643 382 1712 caulibus
401 1643 585 1711 numerosis
610 1642 739 1731 pumilis
767 1643 1017 1710 ascendentibus
1047 1643 1195 1732 opposite
1226 1643 1406 1726 bilineatis,
1437 1642 1519 1710 loliis

236 1731 371 1799 minutis
395 1731 552 1799 coriaceis
576 1731 699 1818 glaucis
719 1730 878 1819 pellucido
891 1771 905 1782 ·
918 1731 1078 1819 punctalis
1098 1754 1115 1798 e
1135 1731 1204 1799 basi
1225 1731 1330 1800 sessili
1351 1737 1518 1818 angustata

235 1820 384 1908 oblongis
404 1821 540 1902 obtusis,
561 1825 651 1910 cyma
671 1819 877 1888 subsolitaritl
897 1819 1058 1887 terminali
1079 1820 1257 1909 paucillora
1270 1820 1438 1887 interdum
1451 1819 1518 1886 uni-

235 1908 329 1992 nora,
351 1909 490 1976 bracteis
509 1907 657 1996 oblongis
677 1907 869 1975 acuminatis
889 1908 1073 1991 fimbriatiS,
1094 1909 1213 1998 calycis
1225 1911 1346 1976 corolla
1357 1908 1411 1974 viu
1422 1908 1517 1996 duplo

236 1996 395 2066 brevioris
413 1997 572 2086 profunde
592 1997 700 2084 partiti
721 1997 845 2065 laciniis
858 1997 1045 2065 lanceolatis
1057 1998 1159 2065 acutis
1172 1997 1359 2078 fimbriatis
1381 1995 1516 2063 fimbriis

236 2087 370 2154 setaceis
390 2085 514 2153 minute
533 2085 768 2174 glanduliferis,
789 2087 975 2174 capsula...
1003 2095 1047 2160 tt.

280 2187 358 2252 Hah.
384 2193 414 2250 in
438 2191 536 2265 Mysia
552 2189 591 2250 ad
618 2189 836 2268 Adramyttium
864 2187 1021 2270 (uentu),
1049 2191 1078 2250 in
1103 2197 1201 2252 monte
1224 2191 1365 2269 (largam
1386 2189 1517 2251 ‘lboadis

237 2279 343 2362 (Aucb.
362 2299 425 2342 exs.
444 2268 553 2362 aaut).

281 2381 387 2444 Ocules
412 2383 565 2443 lililormes
587 2379 650 2445 5-4
672 2383 850 2458 pellicatas,
870 2383 943 2443 lolia
967 2381 1032 2446 54
1059 2384 1152 2443 lineas
1178 2383 1276 2458 longa.
1294 2385 1405 2444 Facies
1422 2386 1459 2444 H.
1475 2403 1517 2443 re·
1610 2451 1611 2454 Ἴ

233 2475 332 2550 pentir
349 2478 379 2534 et
399 2473 522 2534 Armeni
541 2492 558 2532 a
575 2474 682 2549 quibus
700 2473 830 2533 bracteis
846 2479 876 2532 et
894 2474 1005 2550 sepelis
1021 2473 1175 2534 fimbriatis
1186 2475 1285 2534 statim
1303 2475 1515 2551 distinguitur3
1610 2527 1611 2538 .

236 2564 353 2624 accedit
369 2581 486 2640 quoqne
504 2564 542 2624 ad
557 2561 593 2624 Η.
613 2561 814 2624 tricbocaolon
831 2563 885 2622 sed
902 2564 1036 2622 orarium
1053 2563 1274 2624 multivittatum
1299 2564 1514 2642 Tuniocorpio-

234 2671 311 2714 rum.
332 2653 450 2714 Semina
468 2655 571 2728 ignota
589 2653 631 2734 (v.
651 2671 675 2713 s.
695 2654 725 2712 in
742 2652 827 2714 berb.
846 2653 919 2712 Mus.
941 2653 1033 2730 Pau).

279 2907 330 2974 Η.
353 2911 559 2975 retusum
590 2904 713 2990 (luch.
736 2903 769 2970 in
788 2903 882 2971 laub.
904 2914 936 2972 et
954 2903 1007 2993 Sp.
1031 2903 1077 2971 lll.
1099 2903 1154 2970 Or.
1178 2903 1209 2988 l,
1228 2926 1262 3005 p.
1284 2903 1342 2988 54,
1365 2905 1430 2972 tab.
1454 2905 1514 2994 st)

233 2993 401 3081 glabrum,
427 2993 574 3061 caulibus
593 2991 889 3080 nigro-punctatis
916 2991 1062 3059 elevatim
1091 2991 1267 3076 bilineatrs,
1304 2993 1390 3060 loliis
1422 3016 1516 3082 parce

234 3081 393 3171 pellucido
413 3093 443 3149 et
462 3079 735 3169 nigro-punctalis
754 3091 889 3167 anguste
909 3080 1087 3148 linearibus
1106 3081 1220 3148 subtus
1241 3083 1396 3150 revolutis
1426 3083 1515 3170 apice

233 3170 389 3238 truncatis
400 3172 449 3237 vel
462 3169 591 3253 retusis,
605 3168 707 3236 axillis
720 3168 937 3256 ramuligeris,
959 3169 1059 3259 cymis
1093 3169 1296 3238 edunculatis
1309 3170 1516 3258 paniculatis‚

231 3259 366 3327 floribus
385 3258 570 3326 lateralibus
589 3256 767 3339 sessilibus‚
788 3257 905 3412 calpcis
923 3259 1045 3326 corolla
1063 3189 1136 3344 d't,
1158 3261 1210 3359 plo
1230 3259 1390 3327 brevioris
1402 3259 1443 3327 ad
1453 3259 1514 3348 att

232 3347 340 3436 partiti
361 3347 486 3416 laciniis
506 3346 655 3434 oblongis
674 3345 798 3412 obtusis
816 3345 978 3447 gandulis
998 3345 1231 3434 marginalibus
1251 3347 1421 3414 sessilibus
1439 3369 1518 3438 pau-

232 3435 277 3504 cis
296 3435 459 3502 interdum
480 3435 589 3517 nullis,
611 3433 711 3500 orarii
732 3433 846 3501 loculis
865 3433 983 3502 30-40
1002 3433 1150 3517 uncialis,
1171 3437 1356 3524 capsula...
1387 3447 1417 3512 at
1429 3490 1435 3500 .
1470 3439 1513 3506 Η.

230 3524 507 3611 amblyocepolom
526 3523 658 3590 Hocbst.
681 3521 715 3588 in
736 3521 855 3589 Lorent
874 3523 991 3591 Wand.
1015 3544 1048 3611 p.
1069 3521 1130 3591 att
1155 3544 1192 3590 ex
1211 3525 1366 3612 descript.

232 3633 516 3801 (Hflabi‘in')Syria
545 3631 582 3691 ad
607 3631 718 3690 dintub
742 3631 854 3708 (Aucti.
881 3649 943 3692 exe.
973 3628 1095 3710 8872),
1128 3634 1204 3691 inter
1230 3633 1340 3693 Aiutab
1372 3641 1400 3692 et
1427 3634 1514 3694 Nisib

275 3739 344 3782 anas
368 3739 406 3782 n.
435 3767 442 3782 .

275 3823 384 3884 Ocules
402 3823 536 3900 pedales,
555 3822 692 3899 panicula
708 3819 770 3884 2-4
785 3823 913 3898 pollices
931 3825 1038 3901 longa,
1057 3825 1129 3884 folia
1146 3821 1402 3887 intermortuae
1420 3827 1513 3886 lineas

231 3914 320 3989 longa
338 3909 446 3997 l¹l,·2
463 3913 558 3972 lineas
580 3912 657 3987 late,
677 3912 777 3987 petala
797 3913 931 3988 margine
947 3914 1142 3990 eglandulosa
1160 3932 1215 3975 nec
1233 3921 1264 3974 ut
1280 3916 1310 3972 in
1328 3914 1365 3974 H.
1382 3915 1502 3994 hyssopi
1605 3935 1607 4006 p

229 4003 301 4079 solio
319 4011 348 4064 et
366 4004 502 4064 omnibus
518 4003 656 4062 affinibus
674 4001 824 4076 glandulis
841 4004 934 4079 nigris
953 4005 1127 4079 marginata.
1146 4003 1173 4063 Δ
1192 4003 1295 4064 lormis
1323 4003 1360 4065 lt.
1382 4007 1511 4084 bpaaopi-

229 4095 297 4170 solit'
314 4111 432 4168 semper
449 4093 639 4168 distinguitur
654 4092 777 4166 iusuper
793 4091 870 4152 loliis
887 4095 1006 4170 retusis,
1025 4094 1178 4155 alabastro
1193 4094 1321 4168 globoso
1338 4115 1394 4157 nec
1412 4108 1510 4157 orato.

229 4184 351 4244 Semina
367 4177 520 4264 (iuniore)
539 4199 599 4241 non
613 4181 771 4258 pupillosa.

272 4449 323 4516 H.
343 4449 580 4528 Amanum,
601 4444 749 4527 glabrum
770 4444 991 4529 glaucescens,
1016 4436 1163 4511 caulibus
1182 4445 1275 4514 elatis
1295 4447 1506 4537 subsimplici·

227 4535 289 4602 bus
316 4534 460 4602 elevatim
487 4533 663 4614 bilineatis‚
695 4531 780 4598 loliis
804 4530 971 4600 sessilibus
990 4530 1105 4618 rigidis
1123 4534 1314 4621 parcissime
1334 4537 1503 4625 pellucido-
