3242 5186
873 362 939 429 ltili

260 499 325 566 lum
340 499 526 568 interiorem
546 499 758 590 cylindricum
771 499 827 566 aa
840 501 891 588 plo
911 500 1141 588 superantibus
1153 511 1185 568 et
1204 523 1242 568 eo
1254 501 1303 568 vix
1318 501 1551 584 tenuioribuS,

260 590 396 688 articulo
429 589 588 677 superiori
621 589 763 656 obsoleto
793 601 915 657 costato
935 589 969 656 in
995 600 1136 657 rostrum
1167 591 1387 678 aquitongun
1419 591 1552 658 abeun-

260 688 284 744 tt
353 733 358 743 .

305 687 382 846 &ab
401 787 431 845 in
450 787 562 861 eampis
580 783 688 845 Attica
707 784 857 865 (Helrlrt).

302 873 361 937 Ar.
385 884 508 956 fleogr.
534 877 699 948 Lusitania,
720 876 876 954 Hispania,
898 873 998 936 Gallia
1015 877 1164 936 australis.

300 1109 346 1176 R.
366 1125 587 1196 rugosum
608 1108 655 1196 (t.
680 1107 733 1196 Sp.
757 1104 822 1174 898
842 1108 902 1174 sub
921 1107 1070 1197 Mpopro)
1091 1103 1177 1176 loliis
1197 1107 1394 1178 radicalibus
1415 1111 1546 1199 lyratis,

256 1197 420 1286 pcdioellis
463 1195 637 1264 fructiferis
674 1196 793 1264 strictis
824 1197 1010 1264 incrassatis
1041 1197 1176 1264 articulo
1206 1198 1353 1266 interiori
1381 1199 1548 1266 obconieo

255 1287 445 1375 mquilongis
459 1298 489 1353 et
501 1285 757 1372 angustioribus,
772 1285 904 1354 siliculae
917 1285 1011 1352 birtae
1025 1286 1072 1352 vel
1085 1285 1206 1372 glebrae
1219 1287 1355 1355 articulo
1376 1288 1546 1375 superiori

256 1377 501 1462 ovato-globoso
522 1374 797 1458 longitudinaliter
816 1373 948 1441 cristato
969 1373 1001 1440 in
1028 1375 1146 1464 stylum
1166 1376 1388 1464 aeqrrilongum
1408 1377 1545 1444 abeunti

259 1473 309 1544 Θ.
332 1465 533 1552 Harpasum
552 1466 610 1530 bll.
636 1464 712 1531 Ped.
737 1464 800 1530 tab.
825 1462 880 1542 78,
902 1463 1005 1530 llebb.
1028 1465 1050 1530 Ι.
1073 1462 1173 1532 ΙΙΙΙ8.

302 1575 377 1632 Hab.
397 1575 425 1632 in
444 1575 530 1634 enltis
550 1574 683 1649 Byzantii
703 1572 812 1650 (Anah.
833 1569 1033 1656 exsilit),
1053 1571 1141 1647 Syriai
1160 1573 1307 1635 maritima
1325 1581 1354 1634 et
1373 1577 1402 1634 in
1425 1574 1545 1634 Libano

256 1661 316 1744 (Bit
335 1663 428 1723 Gaill!
442 1665 468 1738 l,
494 1665 608 1723 Taurii
624 1671 653 1721 et
677 1681 761 1739 prov.
782 1661 951 1722 Caucasieis
974 1661 1076 1740 (Stevt
1097 1662 1431 1742 0.A.ueyt),1>erstae
1455 1683 1543 1740 prov.

256 1753 430 1813 Klrorassan
449 1755 565 1831 (Bonge
577 1745 613 1830 Ι).

300 1856 334 1936 β.
350 1853 525 1918 clavatum.
549 1850 711 1918 Articulus
724 1849 860 1916 interior
879 1849 1035 1937 pediecllo
1049 1870 1134 1937 saepe
1146 1849 1287 1936 longior,
1309 1849 1464 1938 superior
1480 1872 1545 1917 rna-

251 1941 305 2026 jer
325 1942 551 2027 subglobusus.
568 1941 744 2028 lllpuprum
756 1940 920 2006 elocutum
937 1938 1022 2004 Poir.
1038 1937 1148 2026 Suppl.
1166 1938 1207 2022 ll,
1221 1960 1252 2026 p.
1268 1936 1321 2005 ΙΙ.
1345 1939 1544 2027 Rupistrum

254 2031 419 2097 claretum
440 2049 491 2097 uc.
515 2029 598 2120 Spst.
622 2029 663 2112 ll,
685 2049 716 2116 p.
738 2026 816 2095 433.

300 2139 376 2198 Hah.
396 2139 425 2196 in
443 2138 531 2213 Syriai
552 2137 590 2197 ad
609 2137 725 2213 Tripoli
744 2135 894 2214 (babilli),
914 2134 952 2193 ad
976 2134 1116 2194 Sidonem
1133 2131 1269 2210 (Gellii).

299 2239 357 2301 Ar.
382 2237 506 2317 Gaogr.
533 2241 654 2316 Europa
671 2239 769 2298 marlia
783 2243 813 2298 et
825 2238 972 2298 australis.

298 2479 344 2546 R.
365 2477 592 2546 Orientale
613 2474 661 2563 (t.
686 2473 738 2562 Sp.
762 2472 841 2560 893)
873 2473 957 2542 toliis
988 2473 1199 2542 interioribus
1222 2475 1370 2562 oblongis
1390 2476 1538 2544 sinuato·

253 2565 416 2648 clematis,
454 2563 618 2654 porticellis
649 2561 822 2630 lructileris
853 2562 972 2630 strictis
1004 2563 1189 2630 incrassatis
1220 2564 1356 2634 articulo
1388 2565 1536 2633 interiori

254 2654 342 2720 breui
363 2654 539 2742 cylindrico
560 2651 815 2740 angustioribus,
837 2651 970 2720 siliculae
990 2652 1110 2739 glabrae
1131 2653 1268 2720 articulo
1288 2655 1452 2742 superiori
1470 2677 1536 2722 ma-

252 2765 316 2830 gno
336 2742 529 2826 subgloboso
549 2742 662 2808 obtuse
682 2741 814 2808 cristato
833 2740 1023 2808 brevissime
1043 2749 1181 2808 rostrato
1198 2750 1248 2822 Θ.
1272 2742 1401 2811 Bootes
1414 2743 1536 2832 replic-

251 2833 368 2918 uisolio
387 2831 489 2898 Sibtb.
513 2831 560 2897 Fl.
582 2831 685 2897 Graec.
707 2829 772 2896 tab.
795 2827 871 2896 titt.

299 2937 374 2997 Hab.
394 2939 423 2996 in
442 2938 528 2998 cultis
554 2937 753 3010 Peloponnesi
771 2929 1017 3014 (sibth.130ryt)‚
1038 2933 1145 2996 Alliam
1163 2935 1193 2994 in
1210 2935 1330 2996 Olivoto
1347 2934 1475 3018 (Santi),
1496 2939 1536 2997 in·

254 3028 383 3087 salarum
401 3025 491 3087 Orata
507 3033 537 3086 et
554 3026 630 3086 blelo
647 3021 774 3106 (stum).

298 3129 324 3186 Α
342 3127 521 3204 praecedenti
550 3127 649 3185 differt
672 3125 768 3187 torma
794 3125 947 3200 loliorum,
965 3123 1088 3185 floribus
1106 3125 1269 3202 majoribus
1291 3128 1409 3187 intense
1427 3127 1532 3206 flavis,

253 3219 380 3278 articulo
393 3217 547 3294 superiore
566 3217 655 3292 duplo
675 3216 797 3292 majore.
1022 3241 1027 3246 ·
1609 3205 1613 3356 p

576 3449 769 3525 ltlllllSllUS
794 3449 863 3542 (lla.
891 3451 971 3546 Syst.
996 3450 1038 3534 ΙΙ,
1065 3471 1096 3544 p.
1123 3446 1213 3541 ott).

294 3651 384 3742 Calyx
406 3660 512 3718 rectus
531 3647 795 3732 subbigibbosus.
818 3645 926 3714 Petale
948 3646 1084 3714 obovata
1108 3644 1329 3733 unguiculata.
1353 3646 1526 3717 Filamenta

251 3742 351 3808 libera
383 3739 544 3806 edentula.
578 3735 699 3825 Siliqua
718 3736 858 3822 oblonga
888 3735 1035 3803 coriacea
1070 3734 1214 3802 articulis
1251 3733 1526 3805 indebiseentibus

251 3827 487 3916 monospermis
507 3825 624 3914 saepius
645 3823 945 3892 anulato-sulcatis
976 3823 1137 3891 terminali
1158 3822 1372 3912 pyramidato.
1401 3825 1525 3894 Semina

249 3919 382 4002 globosa
401 3917 552 4005 pendula.
574 3846 781 4002 Cotytelones
794 3912 1086 4000 conduplicatae.-
1101 3911 1215 3979 llerbae
1228 3931 1346 3979 annuae
1360 3913 1523 3996 albitlorae,

248 4007 329 4075 lacic
349 4006 480 4092 lltpnpri
496 4006 544 4070 vel
557 4002 742 4084 Erucurioc,
765 4002 901 4069 racemis
921 4001 1095 4068 lmetileris
1115 3999 1286 4086 elongatis,
1309 4000 1432 4090 siliquis
1452 4002 1524 4069 bre·

247 4096 340 4161 vibus
359 4093 490 4161 strictis.
512 4093 620 4160 Genus
640 4090 689 4157 ru
719 4091 793 4157 *stro
812 4091 902 4158 valde
923 4089 1020 4157 altine
1039 4090 1095 4157 sed
1108 4089 1294 4156 distinctum
1308 4089 1419 4177 petalis
1431 4091 1522 4174 albis,

248 4183 427 4252 seminibus
448 4180 600 4248 omnibus
618 4200 681 4267 pen
706 4178 778 4246 ulis.

290 4413 335 4481 D.
356 4409 594 4497 AEqypatus
615 4404 663 4493 (t.
687 4403 740 4492 Sp.
763 4402 828 4471 895
847 4404 908 4472 sub
928 4403 1076 4494 Myupro)
1096 4405 1156 4472 sub
1174 4406 1260 4472 lente
1285 4426 1380 4493 pareo
1399 4405 1520 4472 scabri-

243 4502 316 4584 dus,
338 4497 421 4566 loliis
440 4495 588 4585 oblongis
608 4493 732 4560 obtusis
757 4503 879 4560 remote
898 4493 1038 4562 dentatis
1062 4495 1110 4560 vel
1130 4493 1295 4562 nonnullis
1314 4493 1520 4561 interioribus

243 4589 366 4680 lyratis,
394 4586 536 4655 articulis
562 4580 850 4669 ovato-tetragonis
876 4581 1066 4670 aequilougis
1086 4581 1171 4650 inter
1189 4593 1294 4651 costas
1312 4581 1435 4670 rugosis
1454 4593 1517 4649 ter·
