3242 5186
874 285 941 362 354

257 535 351 620 Secr.
380 550 404 620 l.
431 549 623 621 Cannarum.
640 573 691 622 no.
715 555 797 644 Spsl.
819 555 861 638 ll,
875 578 907 644 p.
930 555 1008 623 528.
1021 597 1066 608 -
1085 555 1332 626 Silicaloooolo
1347 558 1397 624 vel
1410 556 1544 646 obicopc

408 641 497 730 apice
521 643 727 731 cmorpinoto
751 644 854 711 coicis
877 646 990 712 oletis.
1015 645 1227 732 Cotplcdones
1243 649 1391 735 partitae.

227 881 231 892 ’
297 855 340 923 L.
365 856 566 926 sativum
597 855 646 942 (t.
670 855 722 944 Sp.
746 855 825 944 899)
859 858 950 924 caule
971 868 1081 924 erecto
1101 856 1320 924 strictiuseule
1340 859 1539 946 paniculato,

251 943 335 1010 foliis
357 943 553 1010 radicalibus
573 943 798 1029 irregulariter
819 944 979 1032 pinnatim
998 947 1047 1012 nd
1068 945 1265 1032 bipinnatim
1285 946 1385 1013 sectis
1407 948 1537 1014 lobnlis·

250 1051 287 1098 ve
306 1031 532 1120 superioribus
553 1031 729 1101 linearibus
750 1032 909 1116 indivisis,
932 1054 1062 1100 racemo
1080 1033 1225 1100 llorilero
1239 1035 1349 1120 longo,
1374 1035 1535 1122 pedioellis

249 1119 384 1202 strictis,
416 1119 549 1186 silienlis
575 1121 872 1189 orbiculari-oratis
905 1121 1116 1204 emarginatis
1148 1133 1283 1207 anguste
1315 1123 1427 1202 alatis,
1460 1125 1536 1213 stylo

252 1209 327 1277 sinu
346 1208 530 1297 aequilongo
552 1215 604 1288 Θ.
629 1210 671 1276 lc.
695 1211 798 1278 Sibth.
822 1208 867 1278 ll.
890 1208 993 1277 Graec.
1016 1211 1083 1276 tab.
1106 1209 1183 1276 lilii.
1208 1210 1311 1276 Rehb.
1334 1211 1359 1276 s.
1384 1211 1486 1279 nala.

296 1314 374 1374 Hab.
397 1315 427 1372 in
451 1315 539 1374 cultis
562 1312 690 1390 AEgypti
716 1315 863 1374 inferioris
888 1313 1002 1390 (Anci.
1031 1333 1093 1374 exs.
1118 1312 1210 1377 562!
1241 1313 1382 1390 Schimp!
1411 1317 1537 1394 Belesi),

251 1403 361 1463 Persiae
378 1403 417 1462 ad
433 1403 562 1478 Ispahan
576 1401 686 1481 (duob.
707 1421 769 1463 ess.
783 1401 849 1465 527
860 1398 898 1486 l),
913 1405 942 1462 in
957 1405 1053 1464 insula
1066 1404 1188 1464 Karralr
1204 1405 1286 1464 sinis
1300 1405 1419 1468 Persici
1432 1399 1537 1492 (Kyl).

296 1507 404 1566 Planta
419 1507 531 1582 ubique
552 1507 632 1568 culta
650 1515 680 1568 et
696 1507 783 1584 cnjns
801 1507 869 1568 ideo
889 1524 961 1568 area
976 1507 1099 1568 incerta.

295 1753 338 1820 L.
353 1753 618 1840 spinescens
639 1751 705 1838 (no.
727 1747 808 1838 Syst.
835 1749 874 1830 ll,
893 1769 925 1835 p.
941 1746 1019 1833 534)
1039 1749 1202 1835 glabrum,
1216 1749 1308 1816 caule
1328 1751 1416 1818 elato
1429 1771 1537 1818 crasso

251 1839 359 1906 albido
378 1839 580 1906 divaricatim
602 1859 747 1920 ramoso,
770 1837 853 1904 loliis
874 1837 994 1902 infimis
1014 1837 1237 1924 pinnatiseetis
1258 1839 1386 1905 laciniis
1407 1839 1536 1905 lineari-

250 1926 312 1993 bus
332 1928 503 2014 elongatis,
535 1926 759 2028 superioribus
780 1925 959 1992 linearibus
978 1925 1118 1992 dentatis
1143 1927 1190 1992 vel
1216 1925 1366 2013 integris,
1400 1927 1537 1994 racemis

251 2016 385 2084 demum
405 2014 602 2102 longissimis
623 2014 741 2081 strictis
762 2013 894 2080 raeiride
915 2013 1006 2100 apice
1026 2013 1236 2100 spinescenti‚
1258 2015 1427 2102 pedicellis
1447 2016 1536 2082 stric-

251 2103 306 2188 tis,
327 2103 460 2170 siliculis
480 2105 580 2170 oratis
600 2102 810 2190 ernarginatis
833 2111 971 2186 anguste
992 2101 1084 2168 alatis
1101 2102 1183 2190 stylo
1197 2101 1305 2169 sinum
1318 2104 1464 2190 aequanti
1488 2112 1535 2184 Θ.

255 2191 299 2260 lc.
322 2191 444 2260 Deless.
469 2191 509 2274 11,
531 2192 598 2258 tab.
622 2189 675 2257 id.

299 2298 377 2358 Hab.
396 2299 426 2356 in
444 2297 570 2356 humidis
588 2297 681 2372 Syrie
697 2298 736 2356 ad
763 2297 943 2356 Damascum
966 2289 1133 2380 (babilli),
1152 2297 1228 2356 inter
1247 2298 1366 2374 Aleppo
1384 2305 1415 2358 ot
1430 2299 1536 2358 Aintab

255 2385 419 2472 Hansslr!)‚
438 2388 468 2446 in
483 2383 700 2462 Mesopotamia
717 2388 793 2445 inter
811 2384 885 2445 Oria
912 2393 943 2444 ot
961 2385 1075 2444 Suerelr
1094 2383 1153 2466 (Ky
1170 2403 1232 2448 oxa.
1249 2385 1338 2460 841).

301 2487 485 2549 Praeoedcnti
502 2488 590 2547 allino
615 2487 712 2546 differt
735 2486 826 2546 ramis
848 2485 1047 2545 crassioribus
1072 2485 1244 2546 divaricatis
1271 2488 1359 2563 apice
1384 2488 1536 2560 induratis,

255 2576 379 2640 floribus
397 2578 522 2656 carneis,
540 2577 664 2638 siliculis
682 2577 778 2636 minus
798 2573 986 2636 orbiculatis.

303 2809 346 2877 L.
371 2814 612 2880 cornutum
640 2809 756 2910 (Siblh.
779 2819 810 2876 et
830 2807 896 2874 Sm.
920 2807 1034 2876 Prcdr.
1065 2821 1101 2880 n⁰
1121 2807 1203 2876 leel
1235 2831 1301 2878 non
1321 2811 1418 2900 Urv.)
1450 2812 1534 2878 caule

260 2909 369 2966 erecto
389 2897 498 2964 stricte
518 2910 550 2964 et
568 2899 709 2965 breviter
728 2917 871 2980 ramoso,
891 2896 976 2962 loliis
996 2895 1206 2965 inferioribus
1226 2899 1449 2986 pinnatisectis
1467 2899 1534 2968 laei-

259 2985 323 3052 niis
342 2987 489 3072 angustis
508 2987 623 3070 acutis,
644 2985 805 3074 supremis
824 2986 1200 3052 lanceolam-linearibus
1220 2987 1432 3073 subinlegris‚
1457 3008 1534 3055 race-

258 3074 320 3140 mis
339 3073 525 3142 axillaribus
551 3085 583 3142 et
609 3073 832 3142 terminalibus
853 3073 1030 3158 elongatis,
1062 3073 1238 3142 fructiferis
1269 3076 1430 3163 elongatis
1450 3077 1532 3164 apice

258 3161 533 3250 spineseentibus‚
561 3163 693 3230 silienlis
713 3161 838 3228 rachidi
858 3159 1113 3248 adpressissimis
1133 3162 1259 3249 magnis
1278 3163 1429 3251 oblongis
1449 3164 1532 3252 apice

258 3251 298 3317 ad
319 3250 446 3317 tertiam
466 3262 590 3339 partem
610 3271 713 3340 usque
737 3249 811 3316 sinu
836 3259 972 3336 angusto
998 3247 1057 3314 alis
1084 3249 1444 3339 triangulari-oblongis
1470 3254 1531 3319 lor-

257 3349 345 3406 mato
365 3339 587 3426 emergimus
608 3342 689 3428 stylo
709 3337 900 3404 brevissimo
923 3345 973 3416 Θ.
1013 3337 1113 3403 anb.
1136 3337 1225 3405 Cent.
1248 3339 1290 3423 ll,
1312 3341 1378 3407 tab.
1402 3339 1457 3409 al.
1494 3340 1527 3406 L.

256 3429 424 3516 apirwaont
443 3427 537 3495 Linn.
560 3429 656 3496 Mant.
679 3425 755 3494 253.
782 3425 885 3493 Sibth.
908 3424 954 3491 Fl.
977 3423 1080 3492 Graeo.
1103 3427 1170 3493 tab.
1192 3425 1269 3494 ott.

301 3536 377 3596 Hab.
405 3537 434 3594 in
464 3535 596 3596 herbidis
615 3535 738 3595 Gracia
760 3535 789 3592 in
820 3533 1004 3608 Cephalonis
1028 3529 1191 3612 (Residui),
1219 3535 1429 3610 Peloponneso
1454 3537 1527 3596 circa

257 3623 407 3685 Leondari
433 3619 591 3710 (Heldrl),
619 3626 658 3684 ad
682 3625 772 3684 Kumi
800 3623 910 3682 Enbaae
937 3621 1151 3700 (Vourliclr!),
1177 3625 1207 3682 io
1235 3623 1325 3684 Orela
1351 3627 1390 3686 ad
1413 3626 1526 3684 Kiania

255 3712 391 3787 (Ruulin!
402 3711 424 3796 )‚
440 3715 571 3776 Thracia
582 3721 611 3775 et
627 3715 768 3788 Bithynia
780 3712 897 3794 [Griscb
910 3711 917 3771 l
935 3711 1042 3787 olivi),
1060 3711 1193 3787 Smyrnae
1206 3715 1235 3772 in
1247 3716 1390 3775 montosis
1402 3715 1522 3795 (Belesi)

255 3803 344 3881 Syriai
362 3805 484 3865 littorali
501 3806 539 3864 ad
553 3805 670 3879 Tripoli
689 3799 789 3888 (Bit),
807 3804 837 3861 in
854 3801 970 3861 Libano
989 3809 1019 3861 et
1036 3799 1201 3878 (loelesyria
1219 3801 1313 3880 (Gaill
1324 3803 1356 3883 l).

300 3907 407 3966 Planta
418 3900 498 3988 ¹i2·¹
520 3906 647 3982 pedalis,
665 3903 938 3980 siliculapediccllo
958 3904 1041 3962 brevi
1056 3903 1188 3964 insidens
1203 3901 1308 3988 2755
1322 3907 1417 3967 lineas
1428 3908 1520 3981 longa.
1598 3925 1600 3942 ⁴

254 3994 371 4056 Nomen
398 3997 592 4056 Smithianum
609 3995 769 4056 hinnaeano
795 3993 956 4070 antiquiori
975 3993 1012 4052 ob
1035 3993 1240 4056 confusionom
1259 4013 1326 4056 cum
1352 3996 1386 4058 d.
1413 3997 1523 4077 apiaca-
1599 4053 1600 4056 ,

254 4086 338 4148 canti
353 4086 524 4162 anteposui.
1599 4083 1600 4110 ³

297 4295 340 4362 L.
352 4295 545 4364 Anchari
564 4291 679 4381 (Boiss.
701 4292 784 4358 dnn.
807 4291 857 4358 Sc.
880 4289 952 4358 Nat.
975 4289 1074 4369 laet,
1096 4289 1517 4380 p.·195)aeolroprosrn-

252 4391 321 4450 tum
340 4383 611 4464 ramosissimum,
633 4379 717 4448 loliis
736 4379 946 4447 inferioribus
965 4379 1217 4468 pinnatipartitis
1239 4379 1320 4447 iobis
1334 4377 1518 4448 abbreviatis

251 4471 375 4540 obtusis
394 4470 618 4562 superioribus
637 4469 785 4556 oblongis
805 4467 944 4536 dentatis
963 4469 1013 4534 vel
1031 4467 1183 4551 arenatis,
1204 4467 1341 4536 racemis
1353 4465 1516 4536 lruotiieris
1597 4519 1599 4566 ἰ
