3276 5200
883 341 950 410 591

316 542 356 612 S.
376 546 552 613 setacea
571 541 653 630 (viv.
678 541 725 608 st.
748 541 858 631 Libyn.
882 565 913 630 p.
936 543 991 626 aa,
1013 545 1079 611 tab.
1103 543 1158 628 ti,
1179 545 1234 632 fig.
1257 546 1362 615 bnon
1383 545 1474 634 Ottb)
1496 548 1554 614 sub

271 631 356 698 lente
376 632 415 698 ad
442 652 528 698 resse
549 641 580 696 et
599 631 740 698 breviter
758 633 952 718 pubescens,
974 633 1120 700 carrlilms
1140 635 1271 722 pumilis
1292 637 1409 704 erectis
1431 635 1554 722 rigidu-

271 717 311 786 lis
331 654 531 808 simplicibus
550 721 598 786 vel
619 719 686 786 basi
707 719 890 787 dicbotome
911 722 1062 800 ramosis,
1093 721 1229 790 lloribus
1259 724 1403 792 breviter
1429 725 1555 813 pedun-

273 809 401 890 culatiS,
434 809 517 876 soliis
537 807 662 896 plicatis
681 807 959 876 lineari-setacris
979 810 1201 893 acutiusculis,
1234 812 1374 880 bracteis
1397 813 1554 898 oblongo-

272 895 449 964 linearibus
470 895 669 964 brevissimis
689 897 942 984 subaequalibus,
974 901 1021 966 eal
1046 921 1082 966 00
1102 901 1254 988 adpresse
1296 902 1467 969 ubescenti
1492 903 1554 988 pal-

272 984 336 1052 lide
360 985 606 1052 viridi-vittato
632 1007 649 1052 e
675 984 744 1052 basi
773 985 959 1054 umbilioatd
986 922 1164 1076 cyiiudrico
1190 923 1341 1056 dentiious
1368 990 1555 1058 lanceolatis

272 1073 493 1153 acutissumis,
515 1073 682 1140 fructifero
702 1075 835 1156 clavato,
858 1075 1022 1162 unguibus
1042 1077 1251 1160 subessertis,
1283 1079 1405 1146 laminai
1424 1078 1501 1145 alba
1518 1079 1553 1144 ad

272 1161 365 1228 basin
385 1162 418 1228 in
439 1161 571 1230 lacinias
590 1173 725 1250 anguste
746 1163 885 1230 lineares
904 1164 1035 1251 partita,
1057 1186 1185 1232 coronae
1206 1167 1331 1234 laciniis
1353 1167 1552 1234 truncatisin

273 1250 387 1318 tubum
407 1250 638 1318 denticulatum
659 1250 819 1330 connatis,
839 1252 970 1340 capsula
988 1258 1093 1336 orati,
1114 1254 1293 1322 seminibus
1313 1256 1440 1322 minute
1462 1277 1554 1342 rugu-

271 1338 349 1406 losis
370 1351 418 1424 Θ.
438 1340 475 1407 S.
496 1340 657 1426 puberrrlc
678 1338 795 1406 bertol.
819 1339 951 1407 Miscell.
975 1339 1048 1408 Botl

315 1445 392 1514 Hah.
410 1449 440 1504 in
457 1446 592 1504 arenosis
614 1443 652 1502 ad
670 1445 881 1503 Alexandriam
899 1445 1026 1522 AEgypti
1045 1442 1240 1531 (Samaritani
1257 1450 1298 1524 pl.
1317 1466 1383 1510 exs.
1405 1439 1552 1528 51581),

268 1535 300 1593 in
316 1536 430 1595 Arabici
446 1535 559 1612 petraei
574 1529 739 1593 Palmatinae
754 1537 938 1594 contermini
951 1527 1098 1621 (Boissl),
1112 1538 1141 1594 in
1157 1538 1245 1597 salsis
1257 1541 1394 1599 arenosis
1406 1541 1445 1600 ad
1460 1542 1552 1601 lacum

268 1624 467 1800 pgpbaptitem
483 1623 597 1704 (Kyl),
625 1624 655 1682 in
672 1624 791 1684 deserto
809 1624 1033 1701 Mesopotamia
1055 1627 1093 1686 ad
1112 1626 1294 1704 Euphratem
1314 1627 1476 1706 (chesney
1493 1647 1552 1690 ens.

347 1717 353 1774 l
383 1757 390 1773 .

314 1819 420 1878 Planta
435 1814 492 1880 5-7
510 1817 674 1893 polliceris,
694 1815 783 1876 flores
802 1818 896 1878 stricti
914 1837 1064 1880 racemum
1089 1813 1148 1884 5·AE
1168 1823 1342 1896 pollicarem
1365 1822 1543 1900 formantes,

267 1909 341 1968 tolia
356 1907 500 1968 radicalia
518 1901 632 1988 1-111,
649 1907 805 1983 pollicaria
822 1911 952 1982 salacea,
972 1911 1089 1970 caulina
1106 1911 1278 1971 sublatiora.

311 2007 347 2090 β.
370 2003 503 2070 viscidc.
528 2002 636 2069 Patule
653 1999 1006 2156 papilloso-scabrida,
1028 2003 1104 2072 lolia
1124 2027 1209 2094 saepe
1229 2005 1446 2093 planiuscula,
1468 2008 1546 2094 caly-

267 2094 314 2162 cis
338 2093 450 2160 dentes
476 2091 606 2178 oblongi
632 2113 652 2158 o
678 2089 750 2157 tusi.
784 2089 819 2156 S.
842 2092 1040 2180 eremopbc'ln
1061 2093 1190 2162 Rienert
1208 2094 1241 2160 in
1261 2093 1372 2181 Runge
1392 2096 1437 2182 pl.
1462 2095 1544 2162 Pers.

267 2203 333 2250 ess.

310 2288 387 2348 Hab.
407 2288 437 2346 in
455 2285 673 2361 Mesopotamia
689 2283 798 2362 (Anah.
817 2302 880 2344 exs.
898 2282 1013 2364 4771),
1029 2285 1133 2345 Persii
1150 2304 1244 2363 prope
1260 2286 1402 2347 'I'eheran
1421 2291 1460 2348 ad
1479 2305 1547 2346 mar·

268 2379 354 2454 gincs
373 2377 484 2436 deserti
502 2376 573 2434 salsi
590 2371 733 2455 (Boissl),
753 2373 792 2434 ad
809 2374 941 2434 Kerman
959 2375 1078 2453 (Bongs
1091 2376 1122 2454 t).

312 2481 418 2541 Facies
431 2485 461 2539 et
477 2479 578 2554 petala
593 2479 674 2554 typi,
692 2477 779 2553 calyx
797 2477 887 2553 paulo
906 2478 1036 2538 brevior.

311 2578 368 2642 Ar.
392 2587 515 2658 tiaogm
543 2579 647 2640 Africa
663 2576 795 2638 borealis
811 2578 975 2638 orientalis.

312 2815 352 2884 S.
376 2812 655 2899 siderophila
686 2809 802 2898 (Boias.
826 2819 856 2878 et
875 2810 983 2896 Gaill.)
1011 2812 1117 2899 patule
1146 2822 1177 2877 et
1202 2812 1344 2878 breviter
1370 2812 1547 2898 pubescens

268 2923 407 2993 superne
427 2899 622 2982 subviscida‚
644 2900 734 2966 caule
748 2907 856 2965 erecto
868 2921 965 2988 parce
978 2899 1177 2982 dichotomo,
1198 2900 1283 2967 loliis
1297 2900 1548 2986 oblongoliuea-

269 2993 360 3060 ribus
380 2991 473 3058 inler.
497 2987 619 3055 obtusis
640 2985 864 3074 superioribus
884 2987 1071 3055 lanceolatis
1091 2987 1206 3071 acutis,
1223 2989 1420 3077 pedunculis
1434 2987 1548 3056 strictis

269 3083 375 3172 calyce
395 3076 619 3156 brevioribus,
640 3075 769 3142 bractea
790 3075 891 3143 altera
911 3076 1058 3144 subulati
1077 3079 1296 3164 pedunculum
1316 3079 1487 3177 superanti
1506 3079 1546 3144 al-

271 3178 338 3238 tera
359 3165 545 3235 dentilormi
565 3165 614 3230 vir
633 3163 828 3252 perspicua,
860 3165 907 3232 cal
932 3187 968 3232 ee
995 3165 1102 3253 patule
1123 3173 1154 3232 01
1174 3166 1310 3254 sparsim
1332 3165 1420 3232 hirto
1441 3165 1547 3232 uiridi·

269 3278 407 3327 nervoso
428 3277 444 3322 e
464 3253 533 3320 basi
556 3257 702 3320 truncati
721 3263 856 3338 anguste
876 3188 1054 3353 cpiindrico
1074 3252 1225 3321 dentibus
1244 3255 1394 3340 oblongis
1414 3253 1546 3334 obtusis,

270 3347 392 3414 lamini
410 3342 517 3410 albida
536 3343 574 3409 ad
596 3339 738 3407 medium
759 3340 792 3406 in
810 3341 944 3408 lacinias
964 3341 1104 3408 lineares
1124 3342 1256 3409 obtusas
1275 3342 1393 3426 bifida,
1421 3364 1547 3410 corona

270 3433 398 3502 laciniis
417 3429 518 3500 oratis
534 3429 728 3511 subretusis‚
750 3430 881 3516 capsula
893 3442 1028 3516 anguste
1042 3429 1194 3517 oblonga,
1216 3431 1398 3498 seminibus
1409 3431 1548 3498 tenuiter

271 3519 435 3610 rugulosis
455 3524 502 3595 Θ.

316 3629 393 3690 Hab.
410 3627 440 3686 in
452 3625 584 3685 arenosis
593 3623 770 3700 ferrugineis
782 3624 913 3699 regionis
926 3625 1090 3701 subalpinae
1103 3626 1210 3688 Libani
1227 3629 1266 3688 ad
1278 3627 1314 3686 dt
1329 3627 1410 3689 Klaa
1427 3628 1547 3690 ditionis
1623 3575 1624 3622 1

272 3719 369 3796 Merdj
388 3717 495 3776 dicum
514 3712 605 3793 (Galil
618 3709 652 3794 l).

318 3817 559 3894 investigandum
578 3833 646 3876 num
664 3817 702 3876 sit
725 3816 820 3876 torma
836 3811 868 3876 S.
894 3817 1096 3894 Damascene,
1123 3818 1222 3881 differt
1250 3825 1348 3879 100100
1374 3819 1548 3896 pedunculis

273 3911 423 3985 brevibus,
442 3907 547 3983 petalis
565 3907 785 3982 angustioribus
803 3906 910 3966 albidis
929 3913 959 3966 et
984 3909 1149 3983 prasertim
1177 3910 1301 3987 capsula
1327 3910 1495 3984 angustiori
1522 3913 1554 3966 et

210 4072 214 4080 ,
274 3999 462 4077 carpophoro
471 3998 569 4072 longo.
586 3996 692 4057 Facies
704 3992 736 4056 S.
749 3996 912 4056 imbricata
930 3996 1013 4056 Desl'.
1034 3999 1147 4075 calycis
1166 4001 1230 4060 basi
1248 3999 1393 4059 attenuati
1411 3999 1546 4058 dentibus

273 4087 460 4160 lanceolstis,
476 4085 607 4148 bracteis
623 4086 853 4163 suboeqnalibns
871 4091 939 4164 cto,
960 4085 1119 4150 distincto.

561 4299 585 4379 †
607 4303 628 4375 †
648 4299 779 4376 (lapsnla
797 4298 981 4376 carpophoro
998 4295 1056 4361 2-5
1074 4300 1124 4375 plo
1139 4299 1268 4375 longior.

320 4477 359 4546 S.
378 4477 655 4544 Damascena
681 4468 797 4557 (Roiss.
821 4479 852 4536 et
869 4468 961 4536 Gaill.
984 4468 1098 4556 Diagn.
1120 4469 1189 4536 Ser.
1213 4469 1255 4552 ll,
1275 4470 1327 4552 Vl,
1349 4492 1381 4559 p.
1405 4471 1463 4560 31)
1489 4482 1546 4540 ron
1623 4505 1624 4508 κ

202 4632 210 4642 ,
276 4566 383 4654 patulo
402 4561 500 4644 hirta,
522 4559 613 4627 cattle
626 4569 734 4626 erecto
746 4560 829 4624 elato
840 4557 963 4645 pluries
975 4557 1177 4640 dichotomo,
1198 4558 1282 4626 loliis
1301 4559 1546 4647 oblongo-linea·
