<?xml version="1.0" encoding="UTF-8"?>
<!DOCTYPE html PUBLIC "-//W3C//DTD XHTML 1.0 Transitional//EN"
    "http://www.w3.org/TR/xhtml1/DTD/xhtml1-transitional.dtd">
<html xmlns="http://www.w3.org/1999/xhtml" xml:lang="en" lang="en">
 <head>
  <title>
</title>
<meta http-equiv="Content-Type" content="text/html;charset=utf-8" />
  <meta name='ocr-system' content='tesseract 3.04.00' />
  <meta name='ocr-capabilities' content='ocr_page ocr_carea ocr_par ocr_line ocrx_word'/>
</head>
<body>
  <div class='ocr_page' id='page_1' title='image "./floraorientalis02boisgoog_0166.png"; bbox 0 0 3134 5174; ppageno 0'>
   <div class='ocr_carea' id='block_1_1' title="bbox 859 317 924 385">
    <p class='ocr_par' dir='ltr' id='par_1_1' title="bbox 859 317 924 385">
     <span class='ocr_line' id='line_1_1' title="bbox 859 317 924 385; baseline 0.015 -1"><span class='ocrx_word' id='word_1_1' title='bbox 859 317 924 385; x_wconf 66' lang='lat'>&#39;1⁹20</span> 
     </span>
    </p>
   </div>
   <div class='ocr_carea' id='block_1_2' title="bbox 249 453 1521 630">
    <p class='ocr_par' dir='ltr' id='par_1_2' title="bbox 249 453 1521 630">
     <span class='ocr_line' id='line_1_2' title="bbox 292 453 1521 540; baseline 0.004 -21"><span class='ocrx_word' id='word_1_2' title='bbox 292 456 327 538; x_wconf 83' lang='grc' dir='ltr'><strong>β.</strong></span> <span class='ocrx_word' id='word_1_3' title='bbox 360 454 561 540; x_wconf 63' lang='lat' dir='ltr'><strong>novillarem</strong></span> <span class='ocrx_word' id='word_1_4' title='bbox 582 473 635 522; x_wconf 85' lang='lat' dir='ltr'><strong>uc.</strong></span> <span class='ocrx_word' id='word_1_5' title='bbox 660 455 769 523; x_wconf 81' lang='lat' dir='ltr'><strong>Floras</strong></span> <span class='ocrx_word' id='word_1_6' title='bbox 790 455 873 524; x_wconf 84' lang='lat' dir='ltr'><strong>llari.</strong></span> <span class='ocrx_word' id='word_1_7' title='bbox 907 453 949 522; x_wconf 79' lang='lat' dir='ltr'><strong>Gt</strong></span> <span class='ocrx_word' id='word_1_8' title='bbox 979 477 1117 524; x_wconf 77' lang='lat' dir='ltr'><strong>auretam</strong></span> <span class='ocrx_word' id='word_1_9' title='bbox 1140 456 1173 524; x_wconf 87' lang='lat' dir='ltr'><strong>C.</strong></span> <span class='ocrx_word' id='word_1_10' title='bbox 1206 457 1296 523; x_wconf 87' lang='lat' dir='ltr'><strong>llueh</strong></span> <span class='ocrx_word' id='word_1_11' title='bbox 1322 455 1419 523; x_wconf 90' lang='lat' dir='ltr'><strong>Linn.</strong></span> <span class='ocrx_word' id='word_1_12' title='bbox 1446 457 1521 540; x_wconf 87' lang='lat' dir='ltr'><strong>lllll,</strong></span> 
     </span>
     <span class='ocr_line' id='line_1_3' title="bbox 249 541 576 630; baseline 0.003 -23"><span class='ocrx_word' id='word_1_13' title='bbox 249 564 280 630; x_wconf 93' lang='lat' dir='ltr'><strong>p.</strong></span> <span class='ocrx_word' id='word_1_14' title='bbox 305 541 347 608; x_wconf 76' lang='lat' dir='ltr'><strong>tt)</strong></span> <span class='ocrx_word' id='word_1_15' title='bbox 367 563 406 608; x_wconf 84' lang='lat' dir='ltr'><strong>ex</strong></span> <span class='ocrx_word' id='word_1_16' title='bbox 424 542 576 630; x_wconf 77' lang='lat' dir='ltr'><strong>descript.</strong></span> 
     </span>
    </p>
   </div>
   <div class='ocr_carea' id='block_1_3' title="bbox 293 643 1314 736">
    <p class='ocr_par' dir='ltr' id='par_1_3' title="bbox 293 643 1314 736">
     <span class='ocr_line' id='line_1_4' title="bbox 293 643 1314 736; baseline 0.001 -27"><span class='ocrx_word' id='word_1_17' title='bbox 293 651 370 709; x_wconf 88' lang='lat' dir='ltr'><strong>Hab.</strong></span> <span class='ocrx_word' id='word_1_18' title='bbox 388 649 417 708; x_wconf 92' lang='lat' dir='ltr'><strong>in</strong></span> <span class='ocrx_word' id='word_1_19' title='bbox 436 650 509 708; x_wconf 66' lang='lat' dir='ltr'><strong>Asia</strong></span> <span class='ocrx_word' id='word_1_20' title='bbox 528 651 632 710; x_wconf 89' lang='lat' dir='ltr'><strong>minori</strong></span> <span class='ocrx_word' id='word_1_21' title='bbox 650 651 731 711; x_wconf 83' lang='lat' dir='ltr'><strong>eirea</strong></span> <span class='ocrx_word' id='word_1_22' title='bbox 747 651 868 710; x_wconf 89' lang='lat' dir='ltr'><strong>Koniah</strong></span> <span class='ocrx_word' id='word_1_23' title='bbox 881 648 1006 734; x_wconf 83' lang='lat' dir='ltr'><strong>(Heldrl</strong></span> <span class='ocrx_word' id='word_1_24' title='bbox 1022 646 1054 732; x_wconf 86' lang='lat'><strong>),</strong></span> <span class='ocrx_word' id='word_1_25' title='bbox 1073 650 1185 710; x_wconf 69' lang='lat' dir='ltr'><strong>Taurii</strong></span> <span class='ocrx_word' id='word_1_26' title='bbox 1204 643 1314 736; x_wconf 79' lang='grc' dir='ltr'><strong>(ΜΒ.)Ι</strong></span> 
     </span>
    </p>
   </div>
   <div class='ocr_carea' id='block_1_4' title="bbox 251 747 1523 904">
    <p class='ocr_par' dir='ltr' id='par_1_4' title="bbox 251 747 1523 904">
     <span class='ocr_line' id='line_1_5' title="bbox 292 747 1523 843; baseline 0.002 -32"><span class='ocrx_word' id='word_1_27' title='bbox 292 781 324 843; x_wconf 74' lang='lat' dir='ltr'><strong>y.</strong></span> <span class='ocrx_word' id='word_1_28' title='bbox 346 747 495 812; x_wconf 83' lang='lat' dir='ltr'><strong>rubrum.</strong></span> <span class='ocrx_word' id='word_1_29' title='bbox 520 747 627 814; x_wconf 84' lang='lat' dir='ltr'><strong>Floras</strong></span> <span class='ocrx_word' id='word_1_30' title='bbox 646 747 941 840; x_wconf 85' lang='lat' dir='ltr'><strong>aurantiaeo-rubri</strong></span> <span class='ocrx_word' id='word_1_31' title='bbox 963 747 1031 814; x_wconf 91' lang='lat' dir='ltr'><strong>basi</strong></span> <span class='ocrx_word' id='word_1_32' title='bbox 1054 747 1218 828; x_wconf 81' lang='lat' dir='ltr'><strong>maculati,</strong></span> <span class='ocrx_word' id='word_1_33' title='bbox 1239 747 1369 836; x_wconf 80' lang='lat' dir='ltr'><strong>siliquae</strong></span> <span class='ocrx_word' id='word_1_34' title='bbox 1383 747 1523 834; x_wconf 85' lang='lat' dir='ltr'><strong>glabres-</strong></span> 
     </span>
     <span class='ocr_line' id='line_1_6' title="bbox 251 834 995 904; baseline -0.001 -2"><span class='ocrx_word' id='word_1_35' title='bbox 251 847 372 902; x_wconf 79' lang='lat' dir='ltr'><strong>euntus.</strong></span> <span class='ocrx_word' id='word_1_36' title='bbox 397 834 449 902; x_wconf 78' lang='lat' dir='ltr'><strong>Gt.</strong></span> <span class='ocrx_word' id='word_1_37' title='bbox 478 835 683 902; x_wconf 71' lang='lat' dir='ltr'><strong>ambruosii.</strong></span> <span class='ocrx_word' id='word_1_38' title='bbox 706 837 807 904; x_wconf 69' lang='lat' dir='ltr'><strong>Graec.</strong></span> <span class='ocrx_word' id='word_1_39' title='bbox 831 837 896 904; x_wconf 90' lang='lat' dir='ltr'><strong>tab.</strong></span> <span class='ocrx_word' id='word_1_40' title='bbox 919 835 995 904; x_wconf 68' lang='lat'><strong>488.</strong></span> 
     </span>
    </p>
   </div>
   <div class='ocr_carea' id='block_1_5' title="bbox 251 937 1526 1202">
    <p class='ocr_par' dir='ltr' id='par_1_5' title="bbox 251 937 1526 1202">
     <span class='ocr_line' id='line_1_7' title="bbox 295 937 1525 1024; baseline 0.001 -24"><span class='ocrx_word' id='word_1_41' title='bbox 295 943 371 1003; x_wconf 89' lang='lat' dir='ltr'><strong>Hab.</strong></span> <span class='ocrx_word' id='word_1_42' title='bbox 389 943 417 1000; x_wconf 95' lang='lat' dir='ltr'><strong>in</strong></span> <span class='ocrx_word' id='word_1_43' title='bbox 435 943 484 1000; x_wconf 74' lang='lat' dir='ltr'><strong>vis</strong></span> <span class='ocrx_word' id='word_1_44' title='bbox 507 943 583 1001; x_wconf 83' lang='lat' dir='ltr'><strong>iuter</strong></span> <span class='ocrx_word' id='word_1_45' title='bbox 607 941 762 1017; x_wconf 81' lang='lat' dir='ltr'><strong>Smyrnam</strong></span> <span class='ocrx_word' id='word_1_46' title='bbox 790 951 819 1001; x_wconf 90' lang='lat' dir='ltr'><strong>et</strong></span> <span class='ocrx_word' id='word_1_47' title='bbox 843 945 967 1003; x_wconf 80' lang='lat' dir='ltr'><strong>Bursam</strong></span> <span class='ocrx_word' id='word_1_48' title='bbox 991 948 1020 1002; x_wconf 90' lang='lat' dir='ltr'><strong>et</strong></span> <span class='ocrx_word' id='word_1_49' title='bbox 1045 944 1075 1001; x_wconf 95' lang='lat' dir='ltr'><strong>in</strong></span> <span class='ocrx_word' id='word_1_50' title='bbox 1093 943 1188 1002; x_wconf 63' lang='lat' dir='ltr'><strong>insula</strong></span> <span class='ocrx_word' id='word_1_51' title='bbox 1206 943 1312 1002; x_wconf 85' lang='lat' dir='ltr'><strong>Rhodo</strong></span> <span class='ocrx_word' id='word_1_52' title='bbox 1332 937 1479 1024; x_wconf 56' lang='lat' dir='ltr'><strong>(Sitti),</strong></span> <span class='ocrx_word' id='word_1_53' title='bbox 1499 944 1525 1002; x_wconf 91' lang='lat' dir='ltr'><strong>in</strong></span> 
     </span>
     <span class='ocr_line' id='line_1_8' title="bbox 251 1021 1526 1202; baseline -0.001 -111"><span class='ocrx_word' id='word_1_54' title='bbox 251 1031 603 1202; x_wconf 49' lang='lat' dir='ltr'><strong>grtgtggcgtslolgredslgegram</strong></span> <span class='ocrx_word' id='word_1_55' title='bbox 617 1021 836 1114; x_wconf 83' lang='lat' dir='ltr'><strong>(Despreauxl)</strong></span> <span class='ocrx_word' id='word_1_56' title='bbox 856 1039 886 1092; x_wconf 91' lang='lat' dir='ltr'><strong>et</strong></span> <span class='ocrx_word' id='word_1_57' title='bbox 903 1034 940 1092; x_wconf 86' lang='lat' dir='ltr'><strong>ad</strong></span> <span class='ocrx_word' id='word_1_58' title='bbox 956 1029 1074 1094; x_wconf 75' lang='lat' dir='ltr'><strong>radices</strong></span> <span class='ocrx_word' id='word_1_59' title='bbox 1090 1033 1221 1107; x_wconf 78' lang='lat' dir='ltr'><strong>Hymetti</strong></span> <span class='ocrx_word' id='word_1_60' title='bbox 1240 1029 1352 1116; x_wconf 84' lang='lat' dir='ltr'><strong>(Heldr</strong></span> <span class='ocrx_word' id='word_1_61' title='bbox 1363 1029 1402 1114; x_wconf 82' lang='lat' dir='ltr'><strong>l),</strong></span> <span class='ocrx_word' id='word_1_62' title='bbox 1420 1031 1526 1092; x_wconf 74' lang='lat' dir='ltr'><strong>Taurii</strong></span> 
     </span>
    </p>
   </div>
   <div class='ocr_carea' id='block_1_6' title="bbox 252 1214 1525 1390">
    <p class='ocr_par' dir='ltr' id='par_1_6' title="bbox 252 1214 1525 1390">
     <span class='ocr_line' id='line_1_9' title="bbox 297 1214 1525 1303; baseline -0.002 -18"><span class='ocrx_word' id='word_1_63' title='bbox 297 1219 328 1286; x_wconf 81' lang='grc' dir='ltr'><strong>δ.</strong></span> <span class='ocrx_word' id='word_1_64' title='bbox 352 1217 482 1282; x_wconf 82' lang='lat' dir='ltr'><strong>tricolor</strong></span> <span class='ocrx_word' id='word_1_65' title='bbox 500 1215 619 1281; x_wconf 90' lang='lat' dir='ltr'><strong>Ledeb.</strong></span> <span class='ocrx_word' id='word_1_66' title='bbox 643 1214 689 1280; x_wconf 83' lang='lat' dir='ltr'><strong>Fl.</strong></span> <span class='ocrx_word' id='word_1_67' title='bbox 718 1215 808 1282; x_wconf 85' lang='lat' dir='ltr'><strong>lloss.</strong></span> <span class='ocrx_word' id='word_1_68' title='bbox 838 1217 863 1296; x_wconf 81' lang='lat' dir='ltr'><strong>l,</strong></span> <span class='ocrx_word' id='word_1_69' title='bbox 891 1237 922 1303; x_wconf 89' lang='lat' dir='ltr'><strong>p.</strong></span> <span class='ocrx_word' id='word_1_70' title='bbox 955 1214 1009 1282; x_wconf 83' lang='lat'><strong>93.</strong></span> <span class='ocrx_word' id='word_1_71' title='bbox 1034 1215 1141 1282; x_wconf 86' lang='lat' dir='ltr'><strong>Petala</strong></span> <span class='ocrx_word' id='word_1_72' title='bbox 1165 1216 1356 1283; x_wconf 86' lang='lat' dir='ltr'><strong>aurantiaoe</strong></span> <span class='ocrx_word' id='word_1_73' title='bbox 1376 1215 1446 1282; x_wconf 86' lang='lat' dir='ltr'><strong>basi</strong></span> <span class='ocrx_word' id='word_1_74' title='bbox 1467 1236 1525 1282; x_wconf 90' lang='lat' dir='ltr'><strong>ma·</strong></span> 
     </span>
     <span class='ocr_line' id='line_1_10' title="bbox 252 1303 1108 1390; baseline -0.004 -18"><span class='ocrx_word' id='word_1_75' title='bbox 252 1307 325 1372; x_wconf 72' lang='lat' dir='ltr'><strong>cula</strong></span> <span class='ocrx_word' id='word_1_76' title='bbox 348 1303 619 1390; x_wconf 79' lang='lat' dir='ltr'><strong>atto-marginata</strong></span> <span class='ocrx_word' id='word_1_77' title='bbox 638 1303 753 1371; x_wconf 87' lang='lat' dir='ltr'><strong>obsita.</strong></span> <span class='ocrx_word' id='word_1_78' title='bbox 783 1303 820 1370; x_wconf 85' lang='lat' dir='ltr'><strong>G.</strong></span> <span class='ocrx_word' id='word_1_79' title='bbox 843 1305 974 1371; x_wconf 76' lang='lat' dir='ltr'><strong>tricolor</strong></span> <span class='ocrx_word' id='word_1_80' title='bbox 989 1305 1108 1371; x_wconf 80' lang='lat' dir='ltr'><strong>bernb.</strong></span> 
     </span>
    </p>
   </div>
   <div class='ocr_carea' id='block_1_7' title="bbox 298 1406 1264 1592">
    <p class='ocr_par' dir='ltr' id='par_1_7' title="bbox 298 1406 1264 1592">
     <span class='ocr_line' id='line_1_11' title="bbox 298 1406 917 1492; baseline 0 -20"><span class='ocrx_word' id='word_1_81' title='bbox 298 1413 373 1472; x_wconf 89' lang='lat' dir='ltr'><strong>Hab.</strong></span> <span class='ocrx_word' id='word_1_82' title='bbox 391 1413 420 1470; x_wconf 92' lang='lat' dir='ltr'><strong>in</strong></span> <span class='ocrx_word' id='word_1_83' title='bbox 438 1412 579 1470; x_wconf 71' lang='lat' dir='ltr'><strong>Armenia</strong></span> <span class='ocrx_word' id='word_1_84' title='bbox 597 1411 722 1470; x_wconf 72' lang='lat' dir='ltr'><strong>Rossioai</strong></span> <span class='ocrx_word' id='word_1_85' title='bbox 740 1407 788 1492; x_wconf 81' lang='lat'><strong>(0.</strong></span> <span class='ocrx_word' id='word_1_86' title='bbox 804 1406 917 1492; x_wconf 80' lang='lat' dir='ltr'><strong>Koch).</strong></span> 
     </span>
     <span class='ocr_line' id='line_1_12' title="bbox 298 1511 1264 1592; baseline 0.001 -19"><span class='ocrx_word' id='word_1_87' title='bbox 298 1511 356 1576; x_wconf 77' lang='lat' dir='ltr'><strong>Ar.</strong></span> <span class='ocrx_word' id='word_1_88' title='bbox 382 1512 504 1591; x_wconf 61' lang='lat' dir='ltr'><strong>Goon.</strong></span> <span class='ocrx_word' id='word_1_89' title='bbox 528 1515 649 1588; x_wconf 78' lang='lat' dir='ltr'><strong>Europa</strong></span> <span class='ocrx_word' id='word_1_90' title='bbox 667 1514 764 1574; x_wconf 90' lang='lat' dir='ltr'><strong>media</strong></span> <span class='ocrx_word' id='word_1_91' title='bbox 781 1519 810 1574; x_wconf 91' lang='lat' dir='ltr'><strong>et</strong></span> <span class='ocrx_word' id='word_1_92' title='bbox 825 1514 980 1592; x_wconf 86' lang='lat' dir='ltr'><strong>australis,</strong></span> <span class='ocrx_word' id='word_1_93' title='bbox 1000 1512 1103 1574; x_wconf 76' lang='lat' dir='ltr'><strong>Africa</strong></span> <span class='ocrx_word' id='word_1_94' title='bbox 1126 1514 1264 1574; x_wconf 88' lang='lat' dir='ltr'><strong>borealis.</strong></span> 
     </span>
    </p>
   </div>
   <div class='ocr_carea' id='block_1_8' title="bbox 255 1751 1528 2284">
    <p class='ocr_par' dir='ltr' id='par_1_8' title="bbox 255 1751 1528 2284">
     <span class='ocr_line' id='line_1_13' title="bbox 300 1751 1523 1842; baseline -0.005 -16"><span class='ocrx_word' id='word_1_95' title='bbox 300 1759 346 1826; x_wconf 86' lang='lat' dir='ltr'><strong>G.</strong></span> <span class='ocrx_word' id='word_1_96' title='bbox 368 1759 610 1826; x_wconf 82' lang='lat' dir='ltr'><strong>Arabicum</strong></span> <span class='ocrx_word' id='word_1_97' title='bbox 630 1756 667 1842; x_wconf 82' lang='lat' dir='ltr'><strong>(F</strong></span> <span class='ocrx_word' id='word_1_98' title='bbox 671 1777 777 1822; x_wconf 87' lang='lat' dir='ltr'><strong>resen.</strong></span> <span class='ocrx_word' id='word_1_99' title='bbox 793 1755 872 1822; x_wconf 91' lang='lat' dir='ltr'><strong>llus.</strong></span> <span class='ocrx_word' id='word_1_100' title='bbox 889 1755 1050 1822; x_wconf 86' lang='lat' dir='ltr'><strong>Senkenb.</strong></span> <span class='ocrx_word' id='word_1_101' title='bbox 1073 1775 1104 1842; x_wconf 90' lang='lat' dir='ltr'><strong>p.</strong></span> <span class='ocrx_word' id='word_1_102' title='bbox 1121 1751 1197 1836; x_wconf 74' lang='lat' dir='ltr'><strong>ttlt,</strong></span> <span class='ocrx_word' id='word_1_103' title='bbox 1213 1753 1278 1820; x_wconf 83' lang='lat' dir='ltr'><strong>lab.</strong></span> <span class='ocrx_word' id='word_1_104' title='bbox 1294 1751 1353 1839; x_wconf 82' lang='lat' dir='ltr'><strong>to)</strong></span> <span class='ocrx_word' id='word_1_105' title='bbox 1367 1753 1523 1838; x_wconf 86' lang='lat' dir='ltr'><strong>glaueurn,</strong></span> 
     </span>
     <span class='ocr_line' id='line_1_14' title="bbox 255 1841 1526 1933; baseline -0.004 -21"><span class='ocrx_word' id='word_1_106' title='bbox 255 1846 340 1912; x_wconf 89' lang='lat' dir='ltr'><strong>loliis</strong></span> <span class='ocrx_word' id='word_1_107' title='bbox 361 1845 555 1912; x_wconf 83' lang='lat' dir='ltr'><strong>radicalibus</strong></span> <span class='ocrx_word' id='word_1_108' title='bbox 577 1843 944 1933; x_wconf 75' lang='lat' dir='ltr'><strong>lyrato-pinnatipartitis</strong></span> <span class='ocrx_word' id='word_1_109' title='bbox 964 1843 1139 1930; x_wconf 79' lang='lat' dir='ltr'><strong>segmentis</strong></span> <span class='ocrx_word' id='word_1_110' title='bbox 1159 1841 1259 1910; x_wconf 84' lang='lat' dir='ltr'><strong>oratis</strong></span> <span class='ocrx_word' id='word_1_111' title='bbox 1279 1841 1407 1907; x_wconf 89' lang='lat' dir='ltr'><strong>obtusis</strong></span> <span class='ocrx_word' id='word_1_112' title='bbox 1427 1862 1526 1928; x_wconf 80' lang='lat' dir='ltr'><strong>aequs-</strong></span> 
     </span>
     <span class='ocr_line' id='line_1_15' title="bbox 255 1929 1526 2085; baseline -0.005 -85"><span class='ocrx_word' id='word_1_113' title='bbox 255 1935 329 2000; x_wconf 81' lang='lat' dir='ltr'><strong>litor</strong></span> <span class='ocrx_word' id='word_1_114' title='bbox 348 1933 503 2016; x_wconf 80' lang='lat' dir='ltr'><strong>dentatis,</strong></span> <span class='ocrx_word' id='word_1_115' title='bbox 525 1931 748 2018; x_wconf 89' lang='lat' dir='ltr'><strong>superioribus</strong></span> <span class='ocrx_word' id='word_1_116' title='bbox 775 1931 1062 2085; x_wconf 55' lang='lat' dir='ltr'><strong>amglexieaulibus</strong></span> <span class='ocrx_word' id='word_1_117' title='bbox 1082 1929 1141 1998; x_wconf 81' lang='lat'><strong>3-5</strong></span> <span class='ocrx_word' id='word_1_118' title='bbox 1162 1931 1244 1997; x_wconf 91' lang='lat' dir='ltr'><strong>lobis</strong></span> <span class='ocrx_word' id='word_1_119' title='bbox 1276 1929 1453 2011; x_wconf 79' lang='lat' dir='ltr'><strong>truncatis,</strong></span> <span class='ocrx_word' id='word_1_120' title='bbox 1482 1951 1526 1995; x_wconf 83' lang='lat' dir='ltr'><strong>sa-</strong></span> 
     </span>
     <span class='ocr_line' id='line_1_16' title="bbox 256 2016 1526 2111; baseline -0.002 -23"><span class='ocrx_word' id='word_1_121' title='bbox 256 2022 337 2111; x_wconf 91' lang='lat' dir='ltr'><strong>palis</strong></span> <span class='ocrx_word' id='word_1_122' title='bbox 364 2021 652 2110; x_wconf 89' lang='lat' dir='ltr'><strong>papilloso-hirlis,</strong></span> <span class='ocrx_word' id='word_1_123' title='bbox 679 2021 792 2108; x_wconf 86' lang='lat' dir='ltr'><strong>petalis</strong></span> <span class='ocrx_word' id='word_1_124' title='bbox 846 2020 931 2101; x_wconf 77' lang='lat' dir='ltr'><strong>aviS,</strong></span> <span class='ocrx_word' id='word_1_125' title='bbox 959 2019 1086 2108; x_wconf 85' lang='lat' dir='ltr'><strong>siliquis</strong></span> <span class='ocrx_word' id='word_1_126' title='bbox 1117 2019 1215 2085; x_wconf 83' lang='lat' dir='ltr'><strong>realis</strong></span> <span class='ocrx_word' id='word_1_127' title='bbox 1244 2018 1322 2085; x_wconf 88' lang='lat' dir='ltr'><strong>setis</strong></span> <span class='ocrx_word' id='word_1_128' title='bbox 1356 2016 1526 2086; x_wconf 84' lang='lat' dir='ltr'><strong>rarissimis</strong></span> 
     </span>
     <span class='ocr_line' id='line_1_17' title="bbox 257 2107 1528 2198; baseline -0.004 -21"><span class='ocrx_word' id='word_1_129' title='bbox 257 2110 420 2198; x_wconf 87' lang='lat' dir='ltr'><strong>adpressis</strong></span> <span class='ocrx_word' id='word_1_130' title='bbox 446 2109 514 2176; x_wconf 90' lang='lat' dir='ltr'><strong>basi</strong></span> <span class='ocrx_word' id='word_1_131' title='bbox 546 2109 684 2176; x_wconf 88' lang='lat' dir='ltr'><strong>dilatatis</strong></span> <span class='ocrx_word' id='word_1_132' title='bbox 711 2108 824 2176; x_wconf 90' lang='lat' dir='ltr'><strong>obsitis</strong></span> <span class='ocrx_word' id='word_1_133' title='bbox 847 2111 896 2175; x_wconf 85' lang='lat' dir='ltr'><strong>vel</strong></span> <span class='ocrx_word' id='word_1_134' title='bbox 922 2107 1097 2195; x_wconf 87' lang='lat' dir='ltr'><strong>glabratis,</strong></span> <span class='ocrx_word' id='word_1_135' title='bbox 1125 2107 1305 2176; x_wconf 88' lang='lat' dir='ltr'><strong>seminibus</strong></span> <span class='ocrx_word' id='word_1_136' title='bbox 1337 2107 1528 2174; x_wconf 90' lang='lat' dir='ltr'><strong>ovato-reni-</strong></span> 
     </span>
     <span class='ocr_line' id='line_1_18' title="bbox 258 2199 489 2284; baseline -0.013 -19"><span class='ocrx_word' id='word_1_137' title='bbox 258 2199 417 2266; x_wconf 87' lang='lat' dir='ltr'><strong>lormibus</strong></span> <span class='ocrx_word' id='word_1_138' title='bbox 436 2201 489 2284; x_wconf 69' lang='grc' dir='ltr'><strong>Θ.</strong></span> 
     </span>
    </p>
   </div>
   <div class='ocr_carea' id='block_1_9' title="bbox 186 2293 1524 2480">
    <p class='ocr_par' dir='ltr' id='par_1_9' title="bbox 186 2293 1524 2480">
     <span class='ocr_line' id='line_1_19' title="bbox 186 2293 1524 2480; baseline -0.004 -115"><span class='ocrx_word' id='word_1_139' title='bbox 186 2335 188 2340; x_wconf 94' lang='grc'><strong><em>·</em></strong></span> <span class='ocrx_word' id='word_1_140' title='bbox 259 2305 585 2480; x_wconf 52' lang='lat' dir='ltr'><strong>Bogglg.)inFllapgglgesis</strong></span> <span class='ocrx_word' id='word_1_141' title='bbox 601 2305 732 2382; x_wconf 82' lang='lat' dir='ltr'><strong>regionis</strong></span> <span class='ocrx_word' id='word_1_142' title='bbox 750 2305 898 2366; x_wconf 80' lang='lat' dir='ltr'><strong>Sinailieae</strong></span> <span class='ocrx_word' id='word_1_143' title='bbox 915 2300 1074 2386; x_wconf 83' lang='lat' dir='ltr'><strong>(Ruppelll</strong></span> <span class='ocrx_word' id='word_1_144' title='bbox 1095 2293 1195 2366; x_wconf 84' lang='lat' dir='ltr'><strong>Bore&#39;!</strong></span> <span class='ocrx_word' id='word_1_145' title='bbox 1216 2301 1347 2378; x_wconf 84' lang='lat' dir='ltr'><strong>Sobimp.</strong></span> <span class='ocrx_word' id='word_1_146' title='bbox 1368 2319 1431 2362; x_wconf 86' lang='lat' dir='ltr'><strong>exs.</strong></span> <span class='ocrx_word' id='word_1_147' title='bbox 1450 2298 1524 2362; x_wconf 73' lang='lat' dir='ltr'><strong>lbi!</strong></span> 
     </span>
    </p>
   </div>
   <div class='ocr_carea' id='block_1_10' title="bbox 261 2487 1528 2753">
    <p class='ocr_par' dir='ltr' id='par_1_10' title="bbox 261 2487 1528 2753">
     <span class='ocr_line' id='line_1_20' title="bbox 306 2487 1526 2574; baseline -0.007 -17"><span class='ocrx_word' id='word_1_148' title='bbox 306 2495 413 2557; x_wconf 80' lang='lat' dir='ltr'><strong>(lanies</strong></span> <span class='ocrx_word' id='word_1_149' title='bbox 430 2497 555 2556; x_wconf 81' lang='lat' dir='ltr'><strong>humiles</strong></span> <span class='ocrx_word' id='word_1_150' title='bbox 574 2495 724 2567; x_wconf 76' lang='lat' dir='ltr'><strong>simplices</strong></span> <span class='ocrx_word' id='word_1_151' title='bbox 741 2497 788 2553; x_wconf 91' lang='lat' dir='ltr'><strong>vel</strong></span> <span class='ocrx_word' id='word_1_152' title='bbox 807 2514 896 2572; x_wconf 85' lang='lat' dir='ltr'><strong>parce</strong></span> <span class='ocrx_word' id='word_1_153' title='bbox 914 2497 1042 2573; x_wconf 86' lang='lat' dir='ltr'><strong>ramosi;</strong></span> <span class='ocrx_word' id='word_1_154' title='bbox 1061 2493 1133 2554; x_wconf 84' lang='lat' dir='ltr'><strong>folia</strong></span> <span class='ocrx_word' id='word_1_155' title='bbox 1150 2493 1293 2553; x_wconf 71' lang='lat' dir='ltr'><strong>ratlioalia</strong></span> <span class='ocrx_word' id='word_1_156' title='bbox 1311 2487 1459 2574; x_wconf 54' lang='grc' dir='ltr'><strong>ΡΗ),</strong></span> <span class='ocrx_word' id='word_1_157' title='bbox 1471 2493 1526 2566; x_wconf 91' lang='lat' dir='ltr'><strong>pol·</strong></span> 
     </span>
     <span class='ocr_line' id='line_1_21' title="bbox 261 2579 1528 2662; baseline -0.004 -19"><span class='ocrx_word' id='word_1_158' title='bbox 261 2587 380 2662; x_wconf 81' lang='lat' dir='ltr'><strong>liseria,</strong></span> <span class='ocrx_word' id='word_1_159' title='bbox 399 2587 487 2646; x_wconf 88' lang='lat' dir='ltr'><strong>flores</strong></span> <span class='ocrx_word' id='word_1_160' title='bbox 517 2585 576 2644; x_wconf 88' lang='lat' dir='ltr'><strong>illis</strong></span> <span class='ocrx_word' id='word_1_161' title='bbox 596 2582 631 2645; x_wconf 90' lang='lat' dir='ltr'><strong>G.</strong></span> <span class='ocrx_word' id='word_1_162' title='bbox 654 2585 727 2645; x_wconf 74' lang='lat' dir='ltr'><strong>latei</strong></span> <span class='ocrx_word' id='word_1_163' title='bbox 752 2585 873 2645; x_wconf 85' lang='lat' dir='ltr'><strong>dimidio</strong></span> <span class='ocrx_word' id='word_1_164' title='bbox 902 2586 1039 2644; x_wconf 90' lang='lat' dir='ltr'><strong>minores.</strong></span> <span class='ocrx_word' id='word_1_165' title='bbox 1065 2583 1186 2660; x_wconf 79' lang='lat' dir='ltr'><strong>Siliquat</strong></span> <span class='ocrx_word' id='word_1_166' title='bbox 1216 2581 1346 2658; x_wconf 85' lang='lat' dir='ltr'><strong>majores</strong></span> <span class='ocrx_word' id='word_1_167' title='bbox 1374 2579 1528 2657; x_wconf 67' lang='lat' dir='ltr'><strong>ipollioes</strong></span> 
     </span>
     <span class='ocr_line' id='line_1_22' title="bbox 261 2677 366 2753; baseline 0 -19"><span class='ocrx_word' id='word_1_168' title='bbox 261 2677 366 2753; x_wconf 86' lang='lat' dir='ltr'><strong>longae.</strong></span> 
     </span>
    </p>
   </div>
   <div class='ocr_carea' id='block_1_11' title="bbox 262 2913 1525 3534">
    <p class='ocr_par' dir='ltr' id='par_1_11' title="bbox 262 2913 1525 3534">
     <span class='ocr_line' id='line_1_23' title="bbox 307 2913 1525 3004; baseline -0.007 -17"><span class='ocrx_word' id='word_1_169' title='bbox 307 2919 353 2987; x_wconf 85' lang='lat' dir='ltr'><strong>G.</strong></span> <span class='ocrx_word' id='word_1_170' title='bbox 376 2917 761 3002; x_wconf 73' lang='lat' dir='ltr'><strong>limbrilllqerum‚</strong></span> <span class='ocrx_word' id='word_1_171' title='bbox 782 2917 1001 3002; x_wconf 87' lang='lat' dir='ltr'><strong>glabreseens,</strong></span> <span class='ocrx_word' id='word_1_172' title='bbox 1024 2915 1108 2982; x_wconf 90' lang='lat' dir='ltr'><strong>loliis</strong></span> <span class='ocrx_word' id='word_1_173' title='bbox 1130 2915 1326 2982; x_wconf 82' lang='lat' dir='ltr'><strong>radicalibus</strong></span> <span class='ocrx_word' id='word_1_174' title='bbox 1346 2913 1525 3004; x_wconf 71' lang='lat' dir='ltr'><strong>iurato-pin-</strong></span> 
     </span>
     <span class='ocr_line' id='line_1_24' title="bbox 262 3003 1525 3106; baseline -0.006 -34"><span class='ocrx_word' id='word_1_175' title='bbox 262 3006 456 3106; x_wconf 85' lang='lat' dir='ltr'><strong>natipartitis</strong></span> <span class='ocrx_word' id='word_1_176' title='bbox 476 3003 559 3072; x_wconf 90' lang='lat' dir='ltr'><strong>lobis</strong></span> <span class='ocrx_word' id='word_1_177' title='bbox 578 3004 679 3070; x_wconf 79' lang='lat' dir='ltr'><strong>oratis</strong></span> <span class='ocrx_word' id='word_1_178' title='bbox 698 3025 810 3092; x_wconf 84' lang='lat' dir='ltr'><strong>grosse</strong></span> <span class='ocrx_word' id='word_1_179' title='bbox 830 3003 968 3070; x_wconf 86' lang='lat' dir='ltr'><strong>dentatis</strong></span> <span class='ocrx_word' id='word_1_180' title='bbox 995 3003 1157 3092; x_wconf 81' lang='lat' dir='ltr'><strong>superiori</strong></span> <span class='ocrx_word' id='word_1_181' title='bbox 1182 3003 1422 3090; x_wconf 83' lang='lat' dir='ltr'><strong>subquadrato,</strong></span> <span class='ocrx_word' id='word_1_182' title='bbox 1442 3021 1525 3090; x_wconf 87' lang='lat' dir='ltr'><strong>supo-</strong></span> 
     </span>
     <span class='ocr_line' id='line_1_25' title="bbox 263 3087 1523 3182; baseline -0.004 -22"><span class='ocrx_word' id='word_1_183' title='bbox 263 3095 404 3161; x_wconf 88' lang='lat' dir='ltr'><strong>riorrbus</strong></span> <span class='ocrx_word' id='word_1_184' title='bbox 427 3091 866 3182; x_wconf 80' lang='lat' dir='ltr'><strong>eot&#39;rlalo-antplexieautibus</strong></span> <span class='ocrx_word' id='word_1_185' title='bbox 900 3094 962 3159; x_wconf 86' lang='lat' dir='ltr'><strong>late</strong></span> <span class='ocrx_word' id='word_1_186' title='bbox 994 3092 1143 3178; x_wconf 81' lang='lat' dir='ltr'><strong>oblongis</strong></span> <span class='ocrx_word' id='word_1_187' title='bbox 1173 3091 1374 3158; x_wconf 86' lang='lat' dir='ltr'><strong>acutiuseule</strong></span> <span class='ocrx_word' id='word_1_188' title='bbox 1405 3087 1523 3165; x_wconf 81' lang='lat' dir='ltr'><strong>lobatis,</strong></span> 
     </span>
     <span class='ocr_line' id='line_1_26' title="bbox 262 3177 1524 3270; baseline -0.006 -20"><span class='ocrx_word' id='word_1_189' title='bbox 262 3183 379 3270; x_wconf 82' lang='lat' dir='ltr'><strong>sepelis</strong></span> <span class='ocrx_word' id='word_1_190' title='bbox 398 3181 539 3269; x_wconf 85' lang='lat' dir='ltr'><strong>glabris,</strong></span> <span class='ocrx_word' id='word_1_191' title='bbox 559 3181 674 3268; x_wconf 87' lang='lat' dir='ltr'><strong>petalis</strong></span> <span class='ocrx_word' id='word_1_192' title='bbox 694 3181 889 3248; x_wconf 87' lang='lat' dir='ltr'><strong>aurantiacis</strong></span> <span class='ocrx_word' id='word_1_193' title='bbox 910 3180 1096 3262; x_wconf 84' lang='lat' dir='ltr'><strong>maculatis,</strong></span> <span class='ocrx_word' id='word_1_194' title='bbox 1118 3179 1246 3267; x_wconf 91' lang='lat' dir='ltr'><strong>siliquis</strong></span> <span class='ocrx_word' id='word_1_195' title='bbox 1266 3179 1364 3247; x_wconf 80' lang='lat' dir='ltr'><strong>rectis</strong></span> <span class='ocrx_word' id='word_1_196' title='bbox 1383 3178 1458 3247; x_wconf 88' lang='lat' dir='ltr'><strong>setis</strong></span> <span class='ocrx_word' id='word_1_197' title='bbox 1477 3177 1524 3242; x_wconf 85' lang='lat' dir='ltr'><strong>ad-</strong></span> 
     </span>
     <span class='ocr_line' id='line_1_27' title="bbox 262 3267 1523 3360; baseline -0.003 -24"><span class='ocrx_word' id='word_1_198' title='bbox 262 3270 383 3360; x_wconf 78' lang='lat' dir='ltr'><strong>pressis</strong></span> <span class='ocrx_word' id='word_1_199' title='bbox 419 3269 682 3336; x_wconf 86' lang='lat' dir='ltr'><strong>aculeisormibus</strong></span> <span class='ocrx_word' id='word_1_200' title='bbox 720 3290 756 3334; x_wconf 81' lang='lat' dir='ltr'><strong>ex</strong></span> <span class='ocrx_word' id='word_1_201' title='bbox 794 3269 964 3336; x_wconf 84' lang='lat' dir='ltr'><strong>tuberculo</strong></span> <span class='ocrx_word' id='word_1_202' title='bbox 994 3268 1074 3336; x_wconf 88' lang='lat' dir='ltr'><strong>ortis</strong></span> <span class='ocrx_word' id='word_1_203' title='bbox 1106 3288 1202 3356; x_wconf 85' lang='lat' dir='ltr'><strong>parce</strong></span> <span class='ocrx_word' id='word_1_204' title='bbox 1231 3267 1346 3335; x_wconf 90' lang='lat' dir='ltr'><strong>obsitis</strong></span> <span class='ocrx_word' id='word_1_205' title='bbox 1384 3277 1523 3335; x_wconf 85' lang='lat' dir='ltr'><strong>caeterum</strong></span> 
     </span>
     <span class='ocr_line' id='line_1_28' title="bbox 263 3350 1525 3446; baseline -0.005 -22"><span class='ocrx_word' id='word_1_206' title='bbox 263 3358 396 3446; x_wconf 87' lang='lat' dir='ltr'><strong>glabris,</strong></span> <span class='ocrx_word' id='word_1_207' title='bbox 418 3359 541 3426; x_wconf 90' lang='lat' dir='ltr'><strong>semine</strong></span> <span class='ocrx_word' id='word_1_208' title='bbox 567 3357 733 3424; x_wconf 88' lang='lat' dir='ltr'><strong>renilormi</strong></span> <span class='ocrx_word' id='word_1_209' title='bbox 759 3367 808 3437; x_wconf 80' lang='grc' dir='ltr'><strong>Θ.</strong></span> <span class='ocrx_word' id='word_1_210' title='bbox 835 3356 888 3424; x_wconf 80' lang='lat' dir='ltr'><strong>Gt.</strong></span> <span class='ocrx_word' id='word_1_211' title='bbox 915 3357 1085 3424; x_wconf 80' lang='lat' dir='ltr'><strong>Persicam</strong></span> <span class='ocrx_word' id='word_1_212' title='bbox 1107 3357 1215 3444; x_wconf 86' lang='lat' dir='ltr'><strong>Bunge</strong></span> <span class='ocrx_word' id='word_1_213' title='bbox 1236 3356 1269 3422; x_wconf 93' lang='lat' dir='ltr'><strong>in</strong></span> <span class='ocrx_word' id='word_1_214' title='bbox 1288 3357 1400 3424; x_wconf 86' lang='lat' dir='ltr'><strong>Lehm.</strong></span> <span class='ocrx_word' id='word_1_215' title='bbox 1421 3377 1451 3444; x_wconf 88' lang='lat' dir='ltr'><strong>p.</strong></span> <span class='ocrx_word' id='word_1_216' title='bbox 1472 3350 1525 3420; x_wconf 79' lang='lat' dir='ltr'><strong>tut</strong></span> 
     </span>
     <span class='ocr_line' id='line_1_29' title="bbox 264 3446 1270 3534; baseline -0.005 -19"><span class='ocrx_word' id='word_1_217' title='bbox 264 3469 328 3514; x_wconf 95' lang='lat' dir='ltr'><strong>non</strong></span> <span class='ocrx_word' id='word_1_218' title='bbox 350 3466 401 3514; x_wconf 83' lang='lat' dir='ltr'><strong>ue.</strong></span> <span class='ocrx_word' id='word_1_219' title='bbox 425 3446 477 3515; x_wconf 82' lang='lat' dir='ltr'><strong>ut.</strong></span> <span class='ocrx_word' id='word_1_220' title='bbox 501 3447 625 3513; x_wconf 82' lang='lat' dir='ltr'><strong>lateam</strong></span> <span class='ocrx_word' id='word_1_221' title='bbox 644 3468 714 3512; x_wconf 83' lang='lat' dir='ltr'><strong>our.</strong></span> <span class='ocrx_word' id='word_1_222' title='bbox 737 3446 965 3534; x_wconf 74' lang='lat' dir='ltr'><strong>fimbrillipero</strong></span> <span class='ocrx_word' id='word_1_223' title='bbox 984 3446 1113 3513; x_wconf 86' lang='lat' dir='ltr'><strong>Trautv.</strong></span> <span class='ocrx_word' id='word_1_224' title='bbox 1136 3446 1180 3533; x_wconf 90' lang='lat' dir='ltr'><strong>pl.</strong></span> <span class='ocrx_word' id='word_1_225' title='bbox 1204 3465 1270 3511; x_wconf 81' lang='lat' dir='ltr'><strong>ens.</strong></span> 
     </span>
    </p>
   </div>
   <div class='ocr_carea' id='block_1_12' title="bbox 263 3548 1524 4000">
    <p class='ocr_par' dir='ltr' id='par_1_12' title="bbox 263 3548 1524 4000">
     <span class='ocr_line' id='line_1_30' title="bbox 311 3548 1524 3627; baseline -0.008 -14"><span class='ocrx_word' id='word_1_226' title='bbox 311 3555 388 3613; x_wconf 89' lang='lat' dir='ltr'><strong>Hab.</strong></span> <span class='ocrx_word' id='word_1_227' title='bbox 416 3555 445 3610; x_wconf 93' lang='lat' dir='ltr'><strong>in</strong></span> <span class='ocrx_word' id='word_1_228' title='bbox 473 3553 615 3627; x_wconf 84' lang='lat' dir='ltr'><strong>lapidosis</strong></span> <span class='ocrx_word' id='word_1_229' title='bbox 647 3551 853 3610; x_wconf 73' lang='lat' dir='ltr'><strong>&#39;I&#39;urkeslaniae</strong></span> <span class='ocrx_word' id='word_1_230' title='bbox 881 3553 919 3611; x_wconf 87' lang='lat' dir='ltr'><strong>ad</strong></span> <span class='ocrx_word' id='word_1_231' title='bbox 949 3552 1068 3610; x_wconf 87' lang='lat' dir='ltr'><strong>fluvium</strong></span> <span class='ocrx_word' id='word_1_232' title='bbox 1096 3549 1275 3610; x_wconf 76' lang='lat' dir='ltr'><strong>Sarafsoban</strong></span> <span class='ocrx_word' id='word_1_233' title='bbox 1303 3557 1334 3610; x_wconf 87' lang='lat' dir='ltr'><strong>et</strong></span> <span class='ocrx_word' id='word_1_234' title='bbox 1366 3551 1396 3609; x_wconf 93' lang='lat' dir='ltr'><strong>in</strong></span> <span class='ocrx_word' id='word_1_235' title='bbox 1417 3548 1524 3622; x_wconf 85' lang='lat' dir='ltr'><strong>regione</strong></span> 
     </span>
     <span class='ocr_line' id='line_1_31' title="bbox 264 3633 1523 3814; baseline -0.004 -113"><span class='ocrx_word' id='word_1_236' title='bbox 264 3644 398 3814; x_wconf 53' lang='lat' dir='ltr'><strong>liggggogg</strong></span> <span class='ocrx_word' id='word_1_237' title='bbox 430 3643 537 3702; x_wconf 88' lang='lat' dir='ltr'><strong>montis</strong></span> <span class='ocrx_word' id='word_1_238' title='bbox 569 3642 701 3702; x_wconf 87' lang='lat' dir='ltr'><strong>Karalau</strong></span> <span class='ocrx_word' id='word_1_239' title='bbox 729 3636 912 3723; x_wconf 67' lang='lat' dir='ltr'><strong>(Lami),</strong></span> <span class='ocrx_word' id='word_1_240' title='bbox 945 3642 982 3700; x_wconf 82' lang='lat' dir='ltr'><strong>ad</strong></span> <span class='ocrx_word' id='word_1_241' title='bbox 1016 3641 1127 3701; x_wconf 86' lang='lat' dir='ltr'><strong>Kbotal</strong></span> <span class='ocrx_word' id='word_1_242' title='bbox 1153 3640 1320 3718; x_wconf 74' lang='lat' dir='ltr'><strong>Affgbaniae</strong></span> <span class='ocrx_word' id='word_1_243' title='bbox 1353 3641 1405 3700; x_wconf 83' lang='lat' dir='ltr'><strong>all.</strong></span> <span class='ocrx_word' id='word_1_244' title='bbox 1433 3633 1523 3700; x_wconf 80' lang='lat'>9500’</span> 
     </span>
     <span class='ocr_line' id='line_1_32' title="bbox 265 3726 1524 3907; baseline -0.008 -13"><span class='ocrx_word' id='word_1_245' title='bbox 265 3726 278 3814; x_wconf 68' lang='grc'>(</span> <span class='ocrx_word' id='word_1_246' title='bbox 308 3835 419 3894; x_wconf 87' lang='lat' dir='ltr'><strong>Pedale</strong></span> <span class='ocrx_word' id='word_1_247' title='bbox 432 3837 478 3892; x_wconf 89' lang='lat' dir='ltr'><strong>vel</strong></span> <span class='ocrx_word' id='word_1_248' title='bbox 496 3836 610 3902; x_wconf 80' lang='lat' dir='ltr'><strong>elatius,</strong></span> <span class='ocrx_word' id='word_1_249' title='bbox 629 3835 699 3892; x_wconf 83' lang='lat' dir='ltr'><strong>folia</strong></span> <span class='ocrx_word' id='word_1_250' title='bbox 719 3827 766 3895; x_wconf 86' lang='lat' dir='ltr'><strong>Gt.</strong></span> <span class='ocrx_word' id='word_1_251' title='bbox 787 3835 919 3904; x_wconf 77' lang='lat' dir='ltr'><strong>Arabici,</strong></span> <span class='ocrx_word' id='word_1_252' title='bbox 936 3833 1025 3893; x_wconf 89' lang='lat' dir='ltr'><strong>flores</strong></span> <span class='ocrx_word' id='word_1_253' title='bbox 1042 3850 1139 3907; x_wconf 84' lang='lat' dir='ltr'><strong>magn.</strong></span> <span class='ocrx_word' id='word_1_254' title='bbox 1160 3833 1192 3892; x_wconf 88' lang='lat' dir='ltr'><strong>G.</strong></span> <span class='ocrx_word' id='word_1_255' title='bbox 1213 3833 1400 3897; x_wconf 64' lang='lat' dir='ltr'><strong>corniculata</strong></span> <span class='ocrx_word' id='word_1_256' title='bbox 1422 3829 1524 3904; x_wconf 79' lang='lat' dir='ltr'><strong>siliqua</strong></span> 
     </span>
     <span class='ocr_line' id='line_1_33' title="bbox 263 3920 998 4000; baseline -0.003 -16"><span class='ocrx_word' id='word_1_257' title='bbox 263 3926 307 3985; x_wconf 89' lang='lat' dir='ltr'><strong>eis</strong></span> <span class='ocrx_word' id='word_1_258' title='bbox 327 3923 363 3987; x_wconf 87' lang='lat' dir='ltr'><strong>G.</strong></span> <span class='ocrx_word' id='word_1_259' title='bbox 382 3927 454 3985; x_wconf 83' lang='lat' dir='ltr'><strong>lutei</strong></span> <span class='ocrx_word' id='word_1_260' title='bbox 472 3925 519 3982; x_wconf 87' lang='lat' dir='ltr'><strong>vix</strong></span> <span class='ocrx_word' id='word_1_261' title='bbox 536 3924 723 4000; x_wconf 87' lang='lat' dir='ltr'><strong>angustiores</strong></span> <span class='ocrx_word' id='word_1_262' title='bbox 740 3920 799 3984; x_wconf 85' lang='grc'><strong>5-7</strong></span> <span class='ocrx_word' id='word_1_263' title='bbox 818 3923 998 3999; x_wconf 86' lang='lat' dir='ltr'><strong>pollieares..</strong></span> 
     </span>
    </p>
   </div>
   <div class='ocr_carea' id='block_1_13' title="bbox 262 4153 1520 4600">
    <p class='ocr_par' dir='ltr' id='par_1_13' title="bbox 262 4153 1520 4600">
     <span class='ocr_line' id='line_1_34' title="bbox 308 4153 1520 4244; baseline -0.015 -16"><span class='ocrx_word' id='word_1_264' title='bbox 308 4159 354 4228; x_wconf 87' lang='lat' dir='ltr'><strong>G.</strong></span> <span class='ocrx_word' id='word_1_265' title='bbox 374 4159 560 4244; x_wconf 69' lang='lat' dir='ltr'><strong>elegans</strong></span> <span class='ocrx_word' id='word_1_266' title='bbox 580 4155 630 4238; x_wconf 80' lang='lat' dir='ltr'><strong>(F.</strong></span> <span class='ocrx_word' id='word_1_267' title='bbox 653 4166 684 4221; x_wconf 87' lang='lat' dir='ltr'><strong>et.</strong></span> <span class='ocrx_word' id='word_1_268' title='bbox 704 4155 743 4221; x_wconf 88' lang='lat' dir='ltr'><strong>ll.</strong></span> <span class='ocrx_word' id='word_1_269' title='bbox 768 4155 865 4222; x_wconf 84' lang='lat' dir='ltr'><strong>index</strong></span> <span class='ocrx_word' id='word_1_270' title='bbox 887 4155 909 4220; x_wconf 94' lang='lat' dir='ltr'><strong>l.</strong></span> <span class='ocrx_word' id='word_1_271' title='bbox 934 4156 1026 4221; x_wconf 91' lang='lat' dir='ltr'><strong>llort.</strong></span> <span class='ocrx_word' id='word_1_272' title='bbox 1051 4155 1178 4242; x_wconf 87' lang='lat' dir='ltr'><strong>Petrop.</strong></span> <span class='ocrx_word' id='word_1_273' title='bbox 1202 4175 1233 4240; x_wconf 91' lang='lat' dir='ltr'><strong>p.</strong></span> <span class='ocrx_word' id='word_1_274' title='bbox 1256 4153 1313 4238; x_wconf 61' lang='lat'><strong>³29)</strong></span> <span class='ocrx_word' id='word_1_275' title='bbox 1333 4153 1520 4240; x_wconf 77' lang='lat' dir='ltr'><strong>glabresons</strong></span> 
     </span>
     <span class='ocr_line' id='line_1_35' title="bbox 263 4237 1520 4346; baseline -0.01 -36"><span class='ocrx_word' id='word_1_276' title='bbox 263 4249 313 4314; x_wconf 81' lang='lat' dir='ltr'><strong>vel</strong></span> <span class='ocrx_word' id='word_1_277' title='bbox 334 4267 429 4346; x_wconf 83' lang='lat' dir='ltr'><strong>pareo</strong></span> <span class='ocrx_word' id='word_1_278' title='bbox 450 4244 639 4324; x_wconf 89' lang='lat' dir='ltr'><strong>setulosum,</strong></span> <span class='ocrx_word' id='word_1_279' title='bbox 654 4242 738 4310; x_wconf 88' lang='lat' dir='ltr'><strong>loliis</strong></span> <span class='ocrx_word' id='word_1_280' title='bbox 758 4243 952 4310; x_wconf 86' lang='lat' dir='ltr'><strong>radicalibus</strong></span> <span class='ocrx_word' id='word_1_281' title='bbox 973 4243 1094 4309; x_wconf 87' lang='lat' dir='ltr'><strong>ambitu</strong></span> <span class='ocrx_word' id='word_1_282' title='bbox 1109 4241 1407 4329; x_wconf 82' lang='lat' dir='ltr'><strong>eborata-oblongis</strong></span> <span class='ocrx_word' id='word_1_283' title='bbox 1421 4237 1520 4326; x_wconf 90' lang='lat' dir='ltr'><strong>pinua-</strong></span> 
     </span>
     <span class='ocr_line' id='line_1_36' title="bbox 264 4326 1519 4418; baseline -0.011 -18"><span class='ocrx_word' id='word_1_284' title='bbox 264 4335 363 4402; x_wconf 88' lang='lat' dir='ltr'><strong>tifidrs</strong></span> <span class='ocrx_word' id='word_1_285' title='bbox 392 4333 475 4400; x_wconf 91' lang='lat' dir='ltr'><strong>iobis</strong></span> <span class='ocrx_word' id='word_1_286' title='bbox 506 4331 646 4398; x_wconf 86' lang='lat' dir='ltr'><strong>breviter</strong></span> <span class='ocrx_word' id='word_1_287' title='bbox 677 4330 777 4398; x_wconf 83' lang='lat' dir='ltr'><strong>oratis</strong></span> <span class='ocrx_word' id='word_1_288' title='bbox 808 4330 1117 4412; x_wconf 79' lang='lat' dir='ltr'><strong>menate-dentatis,</strong></span> <span class='ocrx_word' id='word_1_289' title='bbox 1139 4329 1364 4418; x_wconf 91' lang='lat' dir='ltr'><strong>superioribus</strong></span> <span class='ocrx_word' id='word_1_290' title='bbox 1390 4326 1519 4396; x_wconf 83' lang='lat' dir='ltr'><strong>cordato-</strong></span> 
     </span>
     <span class='ocr_line' id='line_1_37' title="bbox 263 4417 1520 4511; baseline -0.008 -20"><span class='ocrx_word' id='word_1_291' title='bbox 263 4420 552 4511; x_wconf 82' lang='lat' dir='ltr'><strong>amplexioaulibus</strong></span> <span class='ocrx_word' id='word_1_292' title='bbox 576 4419 835 4487; x_wconf 88' lang='lat' dir='ltr'><strong>ovato-rotundis</strong></span> <span class='ocrx_word' id='word_1_293' title='bbox 865 4419 980 4486; x_wconf 87' lang='lat' dir='ltr'><strong>obtuse</strong></span> <span class='ocrx_word' id='word_1_294' title='bbox 1007 4417 1310 4500; x_wconf 61' lang='lat' dir='ltr'><strong>sinuato-dentatis</strong></span> <span class='ocrx_word' id='word_1_295' title='bbox 1339 4417 1451 4506; x_wconf 84' lang='lat' dir='ltr'><strong>sepelis</strong></span> <span class='ocrx_word' id='word_1_296' title='bbox 1472 4431 1520 4498; x_wconf 78' lang='lat' dir='ltr'><strong>pt·</strong></span> 
     </span>
     <span class='ocr_line' id='line_1_38' title="bbox 262 4499 1520 4600; baseline -0.013 -22"><span class='ocrx_word' id='word_1_297' title='bbox 262 4507 591 4600; x_wconf 77' lang='lat' dir='ltr'><strong>pillari-aeuleolatiS,</strong></span> <span class='ocrx_word' id='word_1_298' title='bbox 629 4507 743 4596; x_wconf 89' lang='lat' dir='ltr'><strong>petalis</strong></span> <span class='ocrx_word' id='word_1_299' title='bbox 774 4507 880 4596; x_wconf 84' lang='lat' dir='ltr'><strong>parvis</strong></span> <span class='ocrx_word' id='word_1_300' title='bbox 920 4506 1116 4575; x_wconf 82' lang='lat' dir='ltr'><strong>atrrantiaois</strong></span> <span class='ocrx_word' id='word_1_301' title='bbox 1151 4507 1219 4575; x_wconf 88' lang='lat' dir='ltr'><strong>basi</strong></span> <span class='ocrx_word' id='word_1_302' title='bbox 1260 4507 1389 4588; x_wconf 89' lang='lat' dir='ltr'><strong>rubris,</strong></span> <span class='ocrx_word' id='word_1_303' title='bbox 1418 4499 1520 4588; x_wconf 72' lang='lat' dir='ltr'><strong>siliqua</strong></span> 
     </span>
    </p>
   </div>
   <div class='ocr_carea' id='block_1_14' title="bbox 0 0 1590 5174">
    <p class='ocr_par' dir='ltr' id='par_1_14' title="bbox 0 0 1590 5174">
     <span class='ocr_line' id='line_1_39' title="bbox 0 0 1590 5174; baseline 0 0"><span class='ocrx_word' id='word_1_304' title='bbox 0 0 1590 5174; x_wconf 95' lang='lat' dir='ltr'><strong> </strong></span> 
     </span>
    </p>
   </div>
  </div>
 </body>
</html>
