3150 5174
646 376 708 444 eut

94 525 192 584 Planta
209 517 334 605 ¹l2-l¹l²
352 525 478 600 pedalis,
496 542 630 584 racemus
646 523 779 585 fructifer
797 542 876 600 saepo
892 525 1022 599 pedalis,
1041 526 1141 600 petala
1159 527 1248 600 louge
1266 543 1316 584 un·

62 615 189 690 guinulste
206 612 265 676 56
283 615 333 674 lin.
348 616 455 692 longa„
468 615 584 690 siliquae
602 615 864 690 sesquipollicares
882 621 996 674 tenues.
1014 615 1181 674 Filamenta
1202 614 1317 690 majora

62 705 144 763 ubic
170 705 273 779 speeie
291 710 321 762 et
338 706 475 780 sequenti
494 711 527 764 ut
547 709 577 762 et
595 706 626 763 ia
649 705 799 764 nonnullis
821 705 1050 780 praecedentium
1076 705 1223 764 interdum
1248 707 1320 780 (nou

61 793 169 871 emper)
187 811 243 868 per
260 795 345 869 paria
361 794 578 868 subcobserent‚
599 793 669 852 iude
687 812 739 853 eas
756 795 794 853 cl.
812 795 916 868 Buuge
932 796 1035 868 generi
1051 795 1257 854 Docstotcmen
1268 793 1319 852 ad-

61 883 214 952 numeravit,
233 882 288 943 sed
304 884 334 941 in
353 883 410 942 boe
427 881 582 943 filamenta'
594 889 675 942 arcte
692 883 802 944 coalita
819 889 888 942 sunt
905 885 952 942 vel
971 885 1101 960 dentata
1120 886 1229 958 stigma
1241 890 1320 942 trun·

62 981 137 1031 num
152 972 317 1048 Sispmlnii
337 981 367 1032 et
381 973 500 1034 babitus
518 973 664 1032 diversus.

92 1209 138 1275 Μ.
157 1207 412 1274 cincinnate
447 1201 557 1288 Bunge
577 1203 620 1289 pl.
639 1201 749 1268 Lehm.
770 1223 803 1289 p.
819 1200 884 1268 ulte
904 1201 963 1268 sub
976 1199 1216 1289 Dcntcstemoe)
1237 1221 1320 1288 pree-

62 1305 98 1360 ter
112 1294 190 1382 pilos
209 1293 355 1360 bifurcos
374 1292 416 1360 ad
446 1290 586 1357 oliorum
606 1289 786 1378 marginem
806 1289 931 1376 glabra,
956 1289 1040 1355 foliis
1061 1289 1321 1390 runcinam-pru·-

61 1382 111 1449 titis
127 1379 481 1468 oblongo-lanceolatis,
503 1378 641 1445 racemis
662 1377 832 1465 elongatis,
854 1377 1017 1464 pediccllis
1037 1378 1145 1466 calyce
1165 1377 1321 1445 breviori-

60 1471 117 1552 bus,
145 1469 258 1558 petalis
279 1468 458 1535 linearibus
478 1465 594 1554 pallide
619 1466 733 1548 roseis,
765 1465 891 1554 siliquis
917 1466 1038 1552 glabris
1064 1465 1322 1554 subcompressis

60 1559 192 1626 tenuibus
212 1556 419 1624 circinnatim
439 1554 608 1637 contortis,
629 1555 778 1642 stigmate
798 1553 939 1620 breviter
959 1553 1073 1620 couieo
1093 1565 1188 1621 acuto
1211 1563 1262 1634 Θ.

93 1664 163 1723 Hah.
183 1664 214 1721 in
232 1661 370 1722 arenosis
383 1659 499 1719 ‘deserti
514 1659 664 1718 Kisillrum
682 1658 892 1719 Turkestaniae
909 1657 1016 1735 (Lehm
1031 1655 1060 1740 l).

94 1765 191 1823 Affinis
206 1763 405 1840 precedenti,
423 1761 495 1822 lolia
512 1758 648 1837 diversa,
668 1762 758 1822 flores
777 1761 904 1820 minores
929 1762 1047 1822 brevius
1071 1761 1252 1838 pedieellati‚
1271 1779 1322 1837 pe·

60 1855 110 1914 lala
125 1854 295 1929 augustiora
311 1846 379 1934 Ἥ,
397 1852 447 1911 liu.
468 1853 569 1928 longa.

62 2113 113 2202 §3-
136 2115 467 2185 Eumalcolmia.
495 2110 602 2199 Colpe
624 2078 812 2178 biscocctus
839 2109 972 2196 Siliquo
997 2109 1090 2176 tarde
1114 2107 1276 2175 dehiscens
1289 2109 1324 2174 iu

197 2205 324 2289 stylum
341 2203 652 2269 semimatteauctc.
669 2199 797 2288 Stipmo
808 2198 884 2286 plus
897 2198 1008 2263 micres
1019 2205 1164 2264 neutum
1188 2196 1324 2284 Septem

198 2291 320 2358 crealis
338 2291 476 2358 minaciis
494 2289 531 2355 ia
548 2289 647 2354 series
660 2287 914 2375 longitudinclcs
926 2285 1106 2372 dispositae,
1119 2286 1231 2352 rarius
1245 2287 1323 2372 frte·

197 2400 325 2466 pnsum.

384 2570 402 2604 ⁴*
425 2567 512 2630 Folia
537 2569 654 2630 canlina
672 2585 731 2628 non
750 2565 990 2643 amplexicenlia.

548 2758 572 2838 †
596 2759 700 2819 Patala
715 2763 824 2819 retusa.

101 2971 145 3038 Μ.
169 2968 448 3056 cymbalistria
477 2966 601 3054 (Heldr.
630 2977 662 3034 et
688 2966 772 3040 Sars.
808 2967 906 3034 Herb.
938 2968 1049 3036 Norm.
1080 2983 1117 3038 n⁰
1141 2969 1219 3062 7⁶28)
1250 2975 1324 3062 pilis

65 3058 177 3125 stellatis
195 3057 396 3146 pubescens,
428 3075 564 3155 procera
584 3075 602 3122 a
622 3053 691 3122 basi
712 3055 933 3122 ramosissima
954 3057 1052 3124 ramis
1072 3063 1324 3129 ascendentibus

64 3144 209 3230 llcxuosis,
237 3143 323 3212 loliis
350 3144 501 3211 ommbus
520 3142 680 3232 petiolatis
701 3142 909 3210 inferioribus
930 3165 947 3210 e
967 3145 1037 3213 basi
1056 3149 1188 3216 cordati
1207 3150 1323 3218 subor-

64 3231 194 3302 biculatis
213 3234 329 3300 obtuse
353 3242 384 3298 et
410 3251 521 3319 grosse
552 3231 679 3311 lobatis,
712 3231 936 3319 superioribus
968 3243 999 3299 et
1028 3233 1194 3304 floralibus
1223 3237 1325 3305 ovatis

64 3333 141 3389 acute
158 3319 479 3408 angulatedentatis,
499 3317 637 3387 racemis
657 3318 726 3386 basi
746 3319 930 3402 bractealis,
951 3322 1118 3409 pedieellis
1138 3325 1238 3413 calgci
1250 3325 1324 3392 sub-

63 3411 254 3498 aquilongiS,
276 3406 402 3496 siliquis
422 3407 538 3474 erectis
558 3405 709 3473 secundis
730 3407 870 3474 arcuatis
890 3409 1260 3511 tereti-subcompressis
1281 3427 1326 3484 to-

64 3498 164 3565 mlosis
183 3495 437 3578 stellato-hirtis
467 3497 549 3584 stylo
576 3493 702 3582 siliquae
729 3494 809 3562 latit.
838 3497 977 3584 longiori
1004 3497 1209 3584 stigmatibus
1229 3502 1325 3589 longe

63 3583 297 3654 decurrentibus
316 3587 371 3671 0.
392 3583 438 3649 M.
452 3584 650 3671 uaputisotic
668 3581 769 3649 Boiss.
785 3582 925 3684 etOrplr.
948 3584 982 3651 in
1003 3585 1104 3652 Boiss.
1120 3583 1233 3674 Diagn.
1253 3588 1321 3656 Ser.

65 3669 96 3754 ll,
112 3673 148 3758 ll,
165 3696 199 3763 p.
223 3671 266 3739 re
295 3672 429 3759 (nomeu
453 3671 619 3759 antiquins
637 3670 694 3739 sed
714 3690 731 3737 e
751 3669 929 3758 specimine
948 3671 1142 3761 incompleto
1162 3686 1194 3742 ct
1213 3696 1325 3744 macro

64 3769 155 3829 ortum
175 3773 208 3830 et
226 3759 333 3827 minus
352 3762 487 3846 aptum).

96 3869 172 3929 Hah.
201 3868 239 3926 acl
260 3883 349 3941 rupes
373 3864 523 3940 spelunca
546 3861 654 3940 Tripia
677 3863 789 3938 Spilaea
812 3863 842 3921 in
869 3865 991 3940 regione
1014 3867 1154 3925 montane
1181 3865 1324 3928 Parnassi

65 3951 166 4035 (Orphl
185 3953 359 4016 Guicciardi
376 3951 418 4033 l).

98 4059 200 4120 Planta
218 4054 276 4119 l&
291 4057 408 4133 pedalis
425 4056 463 4116 ab
480 4055 616 4115 omuibus
633 4054 827 4130 sequentibus
849 4053 1119 4134 scammellorum,
1136 4058 1263 4120 floribus
1278 4059 1328 4118 in-

64 4145 206 4210 ferioribus
231 4147 392 4207 bractealis
414 4145 572 4223 distinota3
598 4143 718 4203 habitus
734 4140 875 4205 Araricus
893 4142 1106 4220 Ueientanorum,
1126 4147 1214 4208 flores
1234 4149 1324 4226 rosei,

64 4236 160 4313 siliqua
175 4236 295 4312 gracilis
312 4233 498 4310 bipollicaris
516 4240 558 4310 (v.
577 4251 600 4293 s.
620 4251 667 4308 sp.
685 4237 716 4292 et
734 4252 762 4292 v.
776 4234 874 4311 cult).

99 4473 151 4538 bi.
168 4465 505 4570 ssessuosalSibth.
522 4465 568 4568 Fl.
583 4465 688 4534 Graec.
711 4466 776 4566 tab.
797 4465 875 4566 634)
895 4467 980 4570 pube
1001 4468 1153 4568 bipartita
1175 4469 1329 4624 adpressit

65 4561 165 4643 marsa
188 4558 303 4640 obsita,
334 4556 418 4624 lolns
437 4555 582 4622 obovatrs
602 4555 815 4642 oblongrsque
835 4564 972 4642 integrus
992 4556 1130 4640 obtusis,
1163 4576 1204 4644 pe
1228 4557 1329 4624 rcellrs
