3276 5200
838 371 905 440 obt

235 511 399 600 dispositis
419 523 452 578 et
470 511 712 594 terminalibus,
741 509 881 577 bracteis
905 510 1001 577 rectis
1026 509 1125 600 calpci
1151 509 1365 599 aequilongis,
1395 510 1515 600 calycis

235 599 381 688 pruinosi
401 599 552 668 dentibus
572 597 817 688 erecto-patulis
835 597 936 664 oratis
955 598 1155 681 longiuscule
1167 599 1515 687 acerosisaequilongis

234 688 274 755 ad
294 689 458 774 margines
478 687 663 756 introllcros
682 687 872 754 membrana
891 686 1034 754 ciliatuld
1047 687 1172 754 lancem
1185 686 1347 754 ambiente
1361 687 1514 775 conjunc-

233 776 287 856 tis,
308 777 427 844 lamina
447 776 520 844 albtl
540 775 716 844 obcordata
735 779 861 844 exserta
880 786 909 852 5.

278 881 355 942 Hab.
373 883 402 940 in
420 882 535 942 saxosis
553 887 584 941 et
600 882 758 958 praruptis
771 881 918 940 montanis
931 878 1079 939 &manias
1094 880 1228 941 Rossicre
1242 879 1341 958 (Saos
1351 880 1381 958 l),
1393 880 1514 941 ditionis

233 970 369 1046 'I'alysch
381 989 476 1048 prope
493 971 593 1031 Suant
611 965 749 1044 (ΟΜΝ
769 969 837 1030 Hob
851 966 887 1048 i).
904 967 951 1029 rt.
968 969 1036 1029 Jun.

277 1071 362 1132 Romi
380 1088 460 1146 sape
478 1071 611 1147 pedales,
628 1071 700 1132 lolia
717 1067 801 1133 ato
816 1070 868 1130 lin.
886 1070 986 1144 longa.
1005 1067 1136 1144 capsula
1153 1069 1220 1144 piso
1238 1071 1405 1146 submajor.

275 1301 716 1388 LmIcmcophalum
737 1299 852 1387 (Boiss.
875 1299 988 1387 Diagn.
1011 1299 1080 1368 Ser.
1097 1299 1123 1384 l,
1138 1301 1210 1400 l,p.
1226 1298 1284 1388 43)
1305 1299 1512 1384 fruticosum,

230 1388 330 1456 ramis
349 1389 465 1458 erectis
489 1387 604 1456 albidis
630 1387 664 1456 in
690 1387 874 1477 paniculam
900 1387 1114 1472 abeuntibus,
1143 1387 1245 1456 axillis
1271 1387 1510 1472 fasciculileris,

229 1477 378 1577 capitulis
404 1475 630 1545 terminalibus
648 1475 803 1564 globosis,
824 1475 963 1544 bracteis
983 1477 1090 1566 calyce
1110 1475 1316 1545 brevioribus
1334 1477 1384 1544 vel
1404 1475 1511 1544 subae-

228 1565 410 1654 qurlongis,
442 1563 558 1654 calycis
587 1563 797 1653 glabriusculi
833 1563 984 1632 dentibus
1015 1564 1130 1632 erectis
1160 1586 1188 1633 ae
1234 1564 1340 1632 alibus
1370 1563 1513 1632 breviter

227 1653 328 1721 oratis
341 1653 539 1722 mucronatis
548 1653 610 1720 late
623 1653 880 1720 membranaceis
892 1652 1082 1722 membrana
1095 1651 1223 1722 lauciai
1237 1674 1303 1720 non
1311 1651 1506 1741 conjunctis,

227 1741 349 1810 lamina
367 1742 440 1809 alba
458 1741 633 1809 obsordata
652 1745 778 1808 exserta
794 1753 822 1818 5.

272 1845 349 1909 Hah.
368 1849 398 1907 in
415 1845 600 1922 rupastribos
624 1846 733 1906 montis
749 1845 859 1906 Elbros
876 1845 987 1904 Persia
1004 1847 1069 1908 bor.
1087 1863 1182 1922 prope
1198 1845 1342 1906 Derbend
1357 1844 1422 1924 (ΚΥ
1443 1864 1508 1906 aas.

228 1931 388 2090 pipini&
401 1939 436 1996 A.
454 1935 655 2013 mucronato),
676 1934 786 2014 (doch.
807 1952 869 1996 exs.
886 1931 1036 2015 saort),
1054 1953 1150 2014 prope
1167 1933 1324 1996 Sobobrud
1341 1928 1505 2018 (Bangel).

273 2131 361 2192 Folia
377 2127 573 2204 praecedentis
589 2126 643 2186 sed
669 2127 764 2185 minus
790 2125 931 2202 decidua,
951 2127 1083 2202 capitula
1101 2127 1227 2202 minora,
1245 2125 1377 2185 dentium
1395 2124 1508 2201 calycis

227 2227 380 2283 structura
398 2218 526 2278 diversa.

268 2443 629 2517 Moumelortii
649 2441 759 2542 <rena
779 2444 862 2510 Anu.
880 2443 987 2511 Wieu.
1009 2443 1088 2511 blus.
1105 2443 1146 2526 ll,
1167 2465 1198 2531 p.
1215 2443 1295 2533 aba)
1316 2444 1510 2513 fruticosum

224 2534 496 2615 scabriusculum,
518 2530 617 2598 ramis
635 2531 769 2618 virgatis
789 2531 991 2620 simplicibns
1010 2532 1059 2600 vel
1071 2531 1277 2620 paniculatis,
1297 2533 1401 2602 axillis
1414 2533 1510 2602 lasci·

225 2623 389 2706 culileris,
417 2619 566 2721 capitulis
586 2621 626 2688 ad
645 2619 748 2686 nodos
767 2619 953 2708 superiores
972 2641 1031 2710 per
1049 2619 1141 2710 paria
1160 2620 1324 2712 dispositis
1344 2633 1376 2689 ct
1394 2622 1510 2690 termi-

224 2712 353 2780 nalibus
372 2709 539 2778 sessilrbus
557 2708 606 2776 rel
631 2705 772 2775 breviter
797 2708 1043 2796 pedunculatis,
1075 2709 1215 2778 bracteis
1242 2709 1340 2778 rectis
1366 2711 1510 2800 calybem

223 2797 441 2889 aequantibus
461 2793 580 2885 calpcis
599 2795 749 2884 puberuli
769 2795 921 2866 dentibus
940 2795 1218 2886 subinaequalibus
1238 2798 1427 2866 lanceolatis
1440 2819 1510 2866 ace

225 2887 308 2956 rosis
328 2883 446 2954 strictis
469 2883 618 2970 margine
644 2881 764 2971 glabris
790 2904 856 2951 non
881 2883 1079 2968 introllexis,
1107 2885 1227 2953 lamina
1253 2885 1326 2954 alba
1352 2899 1508 2954 cuneato·

224 2974 340 3044 lineari
361 2975 469 3040 retusa
488 2992 506 3038 a
531 2971 578 3038 icc
598 2975 722 3040 exserta
735 2983 764 3048 5.
786 2970 827 3038 Α.
842 2982 1072 3040 muraenulam
1091 2973 1187 3040 Fenzl
1199 2973 1283 3040 dnn.
1299 2973 1407 3042 Wieu.
1424 2975 1504 3042 blus.

226 3059 385 3218 17ἵῖξίῗίιί
407 3059 472 3215 tpb'.
496 2992 528 3125 ξ
536 3079 602 3126 non
621 3057 743 3126 cant.
758 3098 802 3107 -
820 3059 986 3128 Arausio
998 3061 1195 3130 verticilloto
1213 3060 1324 3130 Willd.
1339 3061 1392 3152 Sp.
1418 3062 1459 3145 ll,
1474 3085 1505 3152 p.

313 3171 329 3218 e
388 3169 425 3216 er
458 3201 464 3214 .

271 3257 349 3316 Hab.
369 3257 398 3314 in
416 3251 559 3312 Armenia
576 3250 707 3312 ancica
726 3251 803 3311 inter
827 3251 968 3312 Eraarom
987 3257 1016 3312 et
1033 3251 1135 3313 Tokat
1152 3249 1336 3337 (Gundelsb.
1355 3256 1385 3314 in
1404 3255 1507 3316 Willd.

226 3345 299 3406 berb
310 3345 342 3423 l),
361 3343 392 3402 in
408 3343 593 3418 rupestribus
609 3342 698 3402 siccis
715 3342 861 3401 mononis
878 3341 972 3418 Syriae
994 3341 1189 3404 occidentalis
1207 3349 1238 3405 at
1257 3343 1420 3424 Cataonia,
1440 3345 1507 3405 Ak-

227 3435 316 3510 dagh,
339 3429 554 3508 Boelamdagb,
573 3429 724 3508 Bondagb,
743 3431 773 3488 in
791 3431 940 3491 montibus
964 3447 1055 3506 supra
1071 3429 1190 3508 Karput
1209 3438 1239 3494 el
1261 3433 1342 3494 circa
1368 3433 1508 3495 Marascb

229 3516 412 3603 (Hausslrl).
431 3519 476 3580 rt.
500 3519 582 3595 Sept.

273 3625 381 3685 Facias
398 3623 627 3700 praecedentium
652 3638 671 3680 a
694 3623 802 3698 quibus
820 3622 919 3682 differt
944 3622 1039 3682 torma
1063 3622 1196 3686 dentium
1223 3625 1335 3701 aalydis
1354 3625 1509 3701 otpetalis

228 3713 400 3774 linearibus.
418 3713 552 3773 Braoteto
568 3710 607 3770 ad
633 3711 719 3772 basin
747 3712 851 3772 florum
877 3729 925 3772 ox.
951 3711 991 3772 cl.
1009 3711 1101 3772 Fonal
1125 3715 1354 3792 numerosiores,
1374 3715 1430 3774 sed
1447 3714 1508 3775 baso
1634 3727 1635 3732 ’

229 3809 301 3864 nota
317 3801 469 3878 variabilis
487 3807 533 3860 est
556 3807 586 3860 et
603 3817 640 3860 ex
664 3801 834 3862 evolutione
859 3800 928 3877 plus
951 3799 1048 3862 minas
1072 3801 1209 3878 perlecti
1229 3803 1351 3878 capituli
1377 3803 1507 3880 pendero
1634 3839 1635 3878 ,

229 3891 359 3952 ridetur.

275 4102 293 4137 ³
321 4101 336 4138 ¹*
361 4101 446 4162 Folia
462 4101 600 4162 coriacsa
623 4099 982 4178 canaliculato-triquetra
1008 4121 1133 4165 acetosa
1150 4103 1349 4180 persistentia
1369 4102 1466 4180 Galyx

705 4190 1029 4266 oblongo-luminatus.

276 4373 324 4472 A.
348 4369 653 4469 crasslloilum
680 4368 798 4468 (Boios.
821 4370 935 4471 lliagn.
958 4371 1027 4440 Ser.
1050 4373 1084 4457 1,
1113 4374 1146 4457 l,
1174 4396 1207 4464 p.
1228 4375 1288 4464 ii)
1309 4375 1506 4474 pubescens,
1632 4367 1633 4454 ἷ

232 4463 441 4540 fruticosum,
472 4477 571 4526 ramis
596 4466 712 4524 erectis
738 4477 801 4524 sim
825 4459 940 4528 lrcrbus
967 4462 1015 4528 vel
1042 4483 1182 4551 superne
1202 4466 1336 4534 ramulis
1354 4465 1509 4553 oppositis

233 4547 354 4630 auctis,
382 4545 467 4614 loliis
486 4545 744 4633 erecto-patulis
763 4566 781 4614 e
850 4547 878 4614 si
896 4547 1004 4616 latiori
1023 4550 1164 4620 breuiter
1181 4551 1387 4635 lanceolatis,
1409 4552 1509 4622 axillis
1631 4617 1633 4628 ,
