3276 5200
686 398 751 468 619

57 532 148 602 loliis
169 533 292 624 rigidis
311 534 604 605 lineari-subulatis
627 536 790 606 trinerviis
810 559 895 626 saepe
914 536 1058 620 falcatis,
1083 536 1193 626 calyce
1217 533 1359 602 tenuiter

56 622 264 778 pudescilmi
284 623 592 779 ppliculffioyenosp
604 645 622 692 e
634 625 703 726 basi
715 627 987 781 lppgelattennatd
1000 623 1358 780 cylinppcognrbinato

57 723 194 889 atati,
217 723 733 884 llll?tdlhttlllhh
748 718 1200 880 balthechildis,
1228 723 1357 888 illl

56 894 153 956 ovata
180 889 394 978 carpophoro
419 889 603 978 aequilurrga
628 891 677 959 vel
702 891 838 959 dirnidio
865 890 1013 958 breviore
1041 903 1089 966 lt.
1124 890 1165 956 lc.
1198 889 1354 975 llnsscgg.

57 977 150 1044 Reis.
175 977 303 1045 Illustr.
330 977 396 1044 tab.
424 978 463 1044 ll.
496 977 637 1066 [petroio
664 977 844 1048 orientalis
867 979 1074 1068 corpophpllc'
1097 977 1253 1045 hortensia
1280 979 1358 1064 solio

58 1066 189 1133 Tonrn.
215 1065 335 1133 Coroll.
358 1087 395 1132 err
416 1066 533 1134 Poiret.
558 1065 745 1135 Gocarholoe
769 1069 1046 1157 cnrpcphplloides
1069 1067 1176 1134 Poiret
1196 1067 1305 1154 Suppl.
1331 1066 1356 1147 Ι,

59 1175 90 1243 p.
114 1153 187 1222 olo
210 1164 246 1222 et
264 1154 362 1222 herb!
384 1193 428 1203 -
455 1155 492 1223 S.
512 1157 790 1245 corpophplloidca
808 1157 895 1225 out.
918 1157 951 1224 in
971 1175 1022 1224 nc.
1048 1156 1160 1223 Prodr.
1189 1156 1214 1238 1,
1237 1177 1267 1243 p.
1291 1153 1356 1220 soc

61 1245 206 1332 (nomen
229 1242 398 1332 antiquius
418 1244 474 1311 sed
493 1243 738 1334 improprium).

103 1351 188 1411 Hah.
210 1351 244 1409 in
260 1351 383 1428 regione
398 1349 500 1426 alpini
515 1349 608 1410 Tauri
626 1349 740 1412 Cilicici
759 1348 834 1434 (Kyl
850 1349 949 1427 Ball).
969 1349 1015 1410 Fl.
1033 1355 1096 1410 aest.

105 1449 225 1513 Gsnles
249 1449 319 1516 bo
348 1453 508 1528 pollicitos
533 1453 563 1512 in
585 1455 686 1530 planti
712 1456 792 1516 cultu
815 1456 845 1515 in
872 1473 988 1532 cymam
1004 1452 1065 1516 s-7
1085 1454 1189 1514 floram
1206 1453 1353 1514 interdum

56 1542 224 1616 abeuntes,
254 1545 384 1620 (species
401 1542 489 1621 huJ’us
510 1544 611 1620 gregis
635 1545 745 1620 saepius
768 1546 924 1606 abortione
947 1545 1089 1605 nnifloras
1116 1561 1184 1604 esse
1209 1543 1350 1604 demons-

60 1630 208 1712 trantes),
222 1634 299 1694 rami
316 1634 432 1694 steriles
450 1634 556 1694 breves
571 1634 754 1712 polyphylli‚
778 1634 851 1694 folia
867 1635 1023 1711 polliceris
1039 1633 1127 1694 linere
1145 1628 1187 1715 Ἰ,
1197 1666 1211 1680 -
1221 1624 1264 1715 Ἰ,
1282 1633 1354 1709 lata,

61 1723 153 1798 calyx
173 1720 285 1786 loll
300 1723 395 1783 lineas
410 1724 527 1798 longus.
544 1723 571 1782 Α
588 1725 767 1799 procedenti
792 1725 963 1785 indumento
981 1743 1040 1784 non
1057 1724 1252 1802 glanduloso,
1271 1722 1351 1783 foliis

61 1813 204 1888 angustis
225 1813 383 1891 subsistis,
401 1812 505 1889 calyce
522 1813 660 1892 longiori,
681 1814 866 1891 carpophoro
884 1815 974 1892 longo
992 1815 1140 1876 distincta.

106 2067 148 2138 S.
164 2069 385 2138 subulata
405 2068 521 2156 (Boiss.
543 2067 656 2154 Diagn.
671 2068 740 2136 Ser.
757 2067 882 2152 1,v111‚
903 2089 935 2155 p.
950 2067 1008 2156 33)
1029 2068 1089 2135 snb
1109 2069 1194 2135 lente
1213 2067 1355 2135 breviter

63 2155 468 2245 glandulosopnbescens‚
489 2157 558 2224 basi
571 2157 800 2226 sulirnlescens
812 2157 969 2244 cespitose
985 2156 1193 2238 multicaulia,
1207 2156 1354 2225 caulibus

63 2245 199 2333 pnrnilis
221 2243 390 2330 nnillcris,
416 2245 501 2313 loliis
528 2245 641 2332 rigidis
660 2245 786 2333 plicatis
815 2245 955 2313 tenuiter
974 2245 1150 2328 subulatis,
1172 2245 1286 2346 calycis
1307 2255 1354 2312 te-

64 2333 174 2402 nuiter
193 2334 608 2423 glanduloso-pnbescentis
628 2333 925 2402 reticulato-venosi
937 2335 1033 2420 longe
1046 2333 1212 2422 cylindrici
1226 2333 1353 2401 rnierne

65 2422 226 2490 attenuati
253 2422 404 2490 dentibus
427 2422 575 2510 oblongis
601 2422 829 2506 acutiuscnlis,
859 2423 1023 2509 unguibus
1050 2421 1208 2508 exsertis,
1234 2422 1354 2490 lamini

63 2511 135 2580 alba
156 2516 258 2600 parvi
279 2511 471 2594 obcurdata‚
498 2532 626 2580 coronae
649 2511 775 2580 laciniis
801 2511 950 2598 oblongis
970 2511 1189 2595 subdentatis,
1219 2513 1352 2600 capsula

66 2598 208 2686 oblonga
230 2601 433 2690 carpophoro
453 2599 697 2688 subaeqnilongu
716 2611 760 2678 26.
784 2599 820 2670 S.
836 2601 1019 2687 perdiscite
1039 2599 1141 2667 Boiss.
1156 2599 1189 2667 in
1211 2600 1294 2668 Huet
1307 2601 1350 2688 pl.

67 2708 131 2755 ers.
156 2689 281 2779 (forma
297 2687 399 2777 magis
419 2689 573 2777 evoluta).

108 2795 189 2856 Hah.
206 2796 237 2855 in
254 2795 378 2871 regione
393 2794 502 2872 alpini,
523 2794 635 2854 Pontus
652 2795 683 2854 in
695 2794 770 2871 jugo
787 2794 956 2871 Paryadres
974 2789 1128 2878 (Tchihl),
1151 2793 1346 2869 cappadocia

66 2883 103 2943 ad
119 2885 306 2961 Euphratem
321 2883 432 2960 (buch.
451 2901 514 2944 exe.
527 2879 594 2946 453
605 2873 641 2964 Ι),
660 2883 801 2944 Armenia
816 2902 909 2960 prope
922 2884 1048 2945 Baibont
1061 2885 1090 2942 in
1102 2886 1214 2944 fissuris
1231 2885 1345 2960 rupium

68 2979 97 3032 et
113 2975 196 3036 circa
212 2972 447 3036 Gumnchlrhand
461 2965 569 3058 (Hnetl
589 2974 732 3053 Bourgl),
751 2975 780 3033 in
796 2975 924 3036 excelsis
938 2974 1139 3036 cacuminibus
1153 2974 1260 3035 Libani
1273 2975 1351 3035 inter

69 3062 187 3124 Dimarn
205 3069 237 3124 et
252 3063 409 3141 Yumouny
427 3063 517 3144 (brt).
536 3063 583 3125 lli.
604 3069 668 3124 rest.

111 3165 204 3228 Facie
221 3173 251 3228 et
269 3166 398 3229 charact.
416 3167 505 3228 valde
521 3167 617 3227 affinis
634 3167 812 3243 procedenti
829 3186 848 3227 a
866 3167 1044 3243 quapraeter
1062 3166 1133 3229 solie
1144 3167 1281 3227 tenuiora
1295 3167 1348 3226 dif-

70 3252 126 3316 iert
140 3258 246 3334 calyce
271 3252 385 3339 (la-lt
399 3257 450 3318 lin.
469 3253 591 3336 longo),
610 3262 679 3333 post
697 3257 833 3318 anthesin
851 3260 968 3318 clavato
985 3255 1040 3316 sed
1057 3257 1188 3334 capsulae
1207 3257 1352 3334 adpresso

71 3361 125 3407 nec
138 3349 290 3409 turbinato
309 3347 397 3408 valde
413 3347 527 3408 inflato.

331 3582 352 3660 †
374 3582 395 3659 †
417 3585 548 3646 Lumine
565 3585 629 3647 basi
648 3587 737 3647 dente
751 3587 800 3646 vel
818 3587 885 3647 sinn
900 3604 960 3647 non
975 3592 1079 3649 auctae.

384 3805 414 3848 a.
438 3789 526 3850 Folia
543 3791 680 3851 subulata
696 3791 844 3852 interdum
860 3793 1034 3868 pungentia.

115 3976 153 4046 S.
166 3979 435 4067 qonlocaula
454 3980 569 4066 (Boios.
591 3981 706 4070 Diagn.
722 3982 792 4051 Ser.
807 3984 833 4066 l,
854 3983 880 4066 l,
895 4005 926 4071 p.
942 3982 998 4070 al)
1018 3983 1085 4052 basi
1106 3985 1349 4066 sullrnlcscens,

75 4066 217 4164 caulibus
237 4067 352 4135 erectis
377 4067 490 4157 rigidis
514 4069 777 4159 subsimplicibns
801 4072 1058 4160 subcompressis
1078 4073 1192 4141 obtuse
1213 4074 1350 4159 biangu-

76 4149 160 4239 latis,
192 4155 278 4224 soliis
304 4156 416 4244 rigidis
443 4168 578 4246 anguste
608 4158 785 4227 linearibus
817 4160 1099 4248 subpungentibns
1130 4162 1351 4230 canaliculatis

77 4255 194 4312 remote
213 4243 329 4314 ciliatis
349 4257 501 4314 ceterum
523 4246 644 4332 glabris
662 4248 846 4337 patentibus
859 4248 1023 4317 interdum
1035 4251 1193 4335 recurvis,
1214 4249 1350 4318 floribus

77 4325 132 4432 bi
150 4333 375 4402 terminalibus
391 4335 533 4403 breviter
551 4335 789 4423 peduncnlatiS,
811 4339 919 4426 calyce
933 4339 1125 4425 glanduloso
1137 4341 1234 4426 longe
1254 4339 1351 4428 cylin-

77 4415 161 4489 drrco
187 4421 314 4490 interne
337 4433 501 4492 attenuato
529 4423 680 4491 dentibus
711 4423 965 4512 triangularibus
985 4427 1205 4511 acutiuscnlis‚
1230 4427 1349 4496 lamina

79 4505 145 4606 alba
162 4512 201 4579 ad
221 4511 364 4579 medium
385 4511 417 4579 in
437 4511 572 4581 lacinias
592 4512 902 4602 obovato-oblongas
927 4515 1094 4605 bipartita,
1121 4537 1251 4585 coronae
1270 4517 1348 4583 laci·

80 4611 136 4663 nns
153 4599 313 4688 profunde
331 4601 454 4685 bifidis,
476 4603 660 4691 capsula...
689 4609 733 4675 lt.
