3228 5204
674 391 732 462 8⁶21

111 530 145 612 β.
168 526 315 594 cristato.
338 524 556 614 Carpellorum
579 549 669 613 rugae
689 528 793 616 magis
813 531 955 612 elevatae,
977 531 1140 616 margines
1154 531 1186 598 in
1200 533 1348 598 cristulas

70 616 300 705 prominentes.
323 655 367 663 -
386 614 429 681 M.
445 617 643 703 microcorpo
664 617 747 683 Dess.
772 618 862 684 llort.
888 620 958 686 Par.
982 642 1018 686 ex
1039 621 1127 688 Pers.
1150 621 1250 687 Ench.

83 711 196 881 pilii)
210 712 239 767 in
268 711 414 768 ruderatis
444 710 569 786 AEgypti
598 712 682 770 inler.
709 706 859 791 (Krall),
890 715 1063 790 Babyloniae
1089 717 1127 774 ad
1145 717 1348 775 Muhammera

72 796 81 887 l
115 891 182 948 Vidi
200 892 228 948 in
255 891 358 948 eodem
377 891 540 966 specimine
558 892 669 951 alteros
691 893 802 954 fructus
820 895 859 952 ad
879 894 1003 953 formam
1031 896 1160 971 typicam
1185 903 1214 955 et
1241 897 1352 955 alteros

72 983 107 1040 ad
127 981 301 1038 varietatem
319 989 498 1054 spectantes.

115 1067 177 1130 Ar.
203 1076 328 1146 Geogr.
355 1070 478 1145 europa
489 1073 638 1131 australis.

115 1307 168 1373 Μ.
193 1307 386 1391 oxyloha
416 1305 543 1392 (Boiss.
567 1305 680 1392 lliagu.
704 1307 772 1373 Ser.
796 1307 825 1388 l,
846 1307 929 1386 lllll,
950 1329 981 1395 p.
1005 1307 1093 1392 loe)
1123 1307 1353 1394 glabriuscula,

75 1394 218 1461 caulibus
239 1394 377 1475 diffusis,
398 1393 482 1462 loliis
503 1394 575 1460 sinu
595 1395 824 1479 angustissimo
844 1395 1355 1464 cordalo-subrotrrndis3-5fidis

74 1485 119 1548 rel
141 1483 267 1570 partitis
287 1484 515 1570 partitionibus
535 1483 830 1551 eborata-cuneolis
852 1484 883 1550 in
904 1485 1057 1552 lacinulas
1076 1487 1268 1552 lanceolatas
1282 1507 1356 1551 acu-

77 1573 213 1638 tissimas
235 1571 376 1656 integras
398 1560 452 1638 rel
465 1572 588 1638 trifidas
609 1573 766 1658 profunde
787 1573 883 1655 fissis,
905 1573 1096 1660 pedunculis
1109 1574 1357 1640 brevibuslruc-

77 1660 175 1726 tileris
196 1661 327 1748 patulis,
360 1662 530 1728 bracteolis
562 1661 708 1742 setaeeiS,
742 1663 850 1750 calyce
882 1663 1046 1730 sructilero
1078 1674 1203 1730 acerete
1234 1662 1356 1751 patenti

77 1749 156 1816 lobis
176 1750 556 1837 orato-triaugularibus,
579 1749 691 1837 petalis
710 1752 994 1818 truncato-retusis
1015 1753 1119 1840 calyce
1139 1751 1357 1839 subiungieri-

78 1838 147 1920 bus,
169 1859 226 1904 car
250 1839 318 1905 ellis
338 1839 458 1926 glabris
479 1851 657 1905 transverse
678 1851 707 1904 et
722 1840 867 1907 elevatius
884 1841 1009 1926 rugosis
1023 1840 1197 1908 reticulatis
1211 1840 1358 1927 margine

78 1927 197 1994 elevato
217 1861 347 1994 dentato
370 1937 421 2008 Θ.
536 1995 540 2006 ,
1322 1966 1324 1972 -
1357 1997 1360 2002 ,

124 2023 199 2082 Hau.
226 2025 254 2080 in
274 2023 405 2082 herbidis
425 2023 595 2098 Palaestina,
615 2024 752 2098 planities
771 2023 935 2082 Esdraiilon
955 2025 982 2082 in
1002 2024 1127 2084 Galilaeai
1151 2024 1289 2102 (Boissl‘.
1309 2023 1354 2081 Fl.

81 2128 157 2170 vere.

124 2201 235 2262 Fructu
253 2213 281 2261 et
300 2204 474 2277 pedunculis
491 2203 631 2262 brevibus
656 2204 832 2278 precedenti
856 2204 952 2261 altinis
976 2203 1029 2261 sed
1057 2203 1281 2262 distinctissime
1304 2221 1357 2278 pe-

82 2292 157 2350 tiolis
173 2293 355 2367 longissimis
369 2299 398 2352 et
415 2279 552 2352 solioruin
570 2293 673 2354 formai.

582 2477 707 2564 Species
730 2479 849 2544 dubiae.

125 2647 163 2706 Μ.
180 2647 332 2707 actttilodu
353 2643 401 2729 (O.
420 2647 506 2707 Koch
525 2647 609 2705 Lino.
625 2647 704 2711 XlX.
723 2667 753 2723 p.
772 2643 839 2727 58),
867 2647 972 2720 pilosa,
991 2646 1070 2703 loliis
1094 2645 1183 2718 longe
1209 2645 1359 2720 petiolatis

85 2747 164 2794 acute
181 2735 203 2799 5
222 2739 307 2812 lobia,
326 2739 499 2811 pedunculis
518 2738 691 2796 ancillaribus
711 2734 772 2797 Η
788 2735 899 2811 petiole
919 2745 948 2794 et
965 2736 1029 2794 flori
1055 2736 1247 2812 aequilougis,
1274 2737 1358 2796 brac-

85 2828 166 2885 teolis
186 2829 480 2886 lineari-lanceolatis
507 2828 609 2902 calyce
636 2828 726 2885 multo
752 2828 928 2893 minoribus,
948 2826 1059 2900 calycis
1078 2825 1154 2884 lobis
1183 2833 1357 2886 ovato-acu·

86 2916 199 2977 minatis
219 2919 332 2977 corolla
345 2917 464 2976 dimidio
482 2917 654 2990 minoribus,
669 2918 776 2992 petalis
795 2918 975 2976 obcordatis.

128 3008 202 3068 Hau.
222 3009 251 3066 in
268 3008 409 3083 Bithynis
425 3003 574 3088 (Thirke).

128 3097 171 3156 dn
189 3099 286 3156 forma
304 3099 381 3156 loliis
401 3098 563 3157 minoribus
581 3097 620 3156 dl.
639 3097 816 3173 sylvestris?

130 3286 169 3343 dl.
190 3287 289 3362 erispa
307 3285 355 3362 (L.
374 3285 424 3359 Sp.
444 3281 524 3363 970)
544 3285 574 3342 iu
592 3283 714 3360 Syriae
733 3283 852 3342 binnaeo
870 3291 898 3340 et
922 3285 950 3341 in
969 3288 1067 3342 monte
1092 3283 1171 3341 Atlio
1190 3303 1208 3340 a
1226 3282 1362 3342 Sibtlior·

88 3376 133 3448 pio
151 3377 281 3436 indicata
299 3377 327 3434 in
347 3377 441 3434 hortis
460 3374 590 3435 Orientis
606 3391 684 3450 saepe
702 3368 810 3434 colitur
828 3375 880 3431 sed
898 3391 955 3432 nou
976 3372 1116 3448 indigena
1134 3379 1188 3432 est.

475 3627 673 3702 elvirum
698 3627 748 3718 u.
776 3626 850 3701 cen.
875 3625 964 3720 ate).

133 3799 305 3866 Bracteolae
325 3799 358 3864 in
378 3799 580 3866 involuerum
602 3798 649 3884 (in
667 3797 801 3885 nostris)
823 3796 956 3864 3srdum
971 3795 1106 3862 coalita.
1129 3791 1363 3882 Calyx5srdus.

93 3887 164 3976 Styli
184 3888 267 3955 rami
292 3887 459 3954 fililormes
483 3887 569 3953 intus
592 3885 871 3971 longitudinaliter
894 3884 1084 3970 stigmatosi.
1118 3881 1262 3970 Carpella
1281 3883 1368 3950 cirea

94 3987 194 4043 torum
216 3977 363 4044 eonieum
385 3978 433 4042 uel
454 3976 540 4042 varie
560 3975 727 4041 dilatatum
749 3974 936 4041 verticillata
955 3971 1200 4039 indehisceutia.
1223 4011 1267 4019 —
1287 3972 1368 4037 ller-

94 4063 139 4132 ha
159 4069 206 4133 vel
227 4066 409 4132 sullrutices
428 4064 539 4131 habitu
561 4065 747 4131 Molucrum
767 4062 1053 4151 grandillorarum.

99 4273 184 4342 deor.
214 4277 236 4342 l.
275 4276 436 4341 Auaricum
468 4273 548 4338 lled.
582 4311 627 4321 --
657 4271 842 4338 Pedrurcuti
863 4271 1019 4337 cailtane
1045 4270 1239 4352 titsciculuti.
1273 4269 1373 4334 Tarus

314 4384 435 4450 pareus
448 4363 575 4427 eroaricus
602 4401 645 4408 ——
658 4361 788 4427 Plectra
803 4383 823 4425 u
842 4360 947 4426 llalris
964 4359 1205 4445 suscr'culisloris
1220 4357 1375 4442 artificiu-

315 4453 389 4518 liter
410 4459 538 4517 tautum
556 4451 717 4539 sejunctio.

142 4645 182 4711 L.
195 4645 385 4716 arborea
406 4642 454 4732 ll..
472 4643 523 4730 s'p.
541 4639 619 4716 illd)
643 4637 1013 4727 stellulae-pubescens,
1037 4635 1162 4702 inlerne
1185 4636 1377 4720 lentescens,
