3156 5176
879 323 942 392 atu

314 459 390 522 Hab.
416 463 444 522 in
473 461 575 522 Persia
593 465 669 522 inter
684 464 894 526 Kermancbab
924 473 954 526 et
977 467 1131 527 Hamadan
1153 459 1288 552 (utut),
1307 487 1403 545 propo
1421 469 1550 544 Ispahan

270 550 375 630 (nucu.
392 569 454 612 ens,
472 543 558 616 265!
581 561 610 612 et
625 549 716 616 4094
730 551 763 628 ll,
783 555 810 613 in
830 555 935 615 Persia
954 559 1018 618 bor.
1039 555 1147 638 (Bubsa
1159 553 1194 635 l).

270 743 287 801 d
314 653 595 804 rtlpraecedentlbns
621 659 744 718 siliculis
769 651 934 718 minoribus
962 661 1041 735 stylo
1074 661 1117 719 eia
1146 661 1371 737 snbaeqnilongo
1401 663 1548 735 superatis

291 745 451 804 ioinctum.

759 961 779 1038 †
803 961 827 1042 †
851 963 958 1022 Gaulos
976 965 1056 1022 elati.

312 1172 359 1241 A.
372 1175 690 1243 constellatum
711 1175 826 1262 (Buiss.
844 1177 925 1242 Ann.
944 1174 993 1242 Sc.
1017 1175 1088 1242 Nat.
1110 1177 1178 1242 Ser.
1203 1174 1255 1258 tv,
1277 1175 1339 1240 vol.
1358 1175 1401 1256 ΙΙ,
1425 1196 1457 1262 p.
1474 1172 1540 1240 nti.

270 1261 364 1329 fenzl
392 1261 424 1327 in
445 1261 557 1328 chib.
580 1262 659 1350 Vuy.
683 1263 709 1346 l,
730 1287 761 1352 p.
784 1263 863 1351 nul)
892 1263 1235 1352 lepidum-canescens,
1264 1263 1416 1330 caulibus
1436 1263 1544 1330 berba-

137 1403 140 1412 .
268 1351 334 1418 cois
354 1349 583 1418 ramosissimis
603 1352 671 1417 laxe
691 1353 1115 1440 corimboso-paniculatis,
1144 1352 1243 1420 ramis
1263 1352 1427 1440 elongatis
1446 1352 1544 1418 tenui-

269 1441 330 1508 bus
349 1437 481 1525 virgatis
501 1427 761 1540 erecto-patulis,
779 1440 864 1508 foliis
876 1441 1225 1529 oblongo-spathulatis
1238 1441 1271 1508 in
1283 1441 1445 1529 petiolum
1458 1441 1544 1526 longe

270 1527 455 1610 attenuatis,
477 1527 590 1614 petalis
610 1529 759 1596 vitellinis
779 1529 935 1611 obovatiS,
956 1530 1130 1596 filamentis
1149 1529 1332 1618 majoribus
1350 1529 1392 1596 ad
1407 1527 1543 1594 medinm

271 1639 372 1704 usqne
392 1616 442 1680 alal
466 1615 648 1682 unilaterali
676 1617 766 1705 apice
797 1618 992 1685 denticulata
1023 1618 1205 1685 minoribus
1236 1617 1418 1704 appendice
1449 1617 1544 1683 liberti

270 1705 389 1786 auctis,
417 1703 556 1770 racemis
576 1704 750 1771 fructiferis
770 1707 860 1772 valde
880 1707 1052 1774 contractis
1073 1706 1387 1788 umbellifot·mibuS‚
1418 1705 1544 1771 siliculis

269 1791 446 1880 squamulis
466 1791 615 1880 lepidotis
635 1794 817 1882 conspersis
837 1795 986 1882 ellipticis
1006 1795 1074 1862 basi
1096 1805 1127 1862 et
1149 1794 1240 1884 apice
1264 1794 1369 1861 acutis
1397 1795 1478 1884 stylo
1502 1792 1543 1859 eis

270 1881 364 1968 triplo
383 1879 524 1947 breviori
545 1881 725 1969 spiculatis,
747 1882 926 1950 seminibus
946 1884 1066 1971 apteris
1093 1894 1139 1959 nt.

313 1990 390 2050 Hah.
403 1989 433 2046 in
451 1988 551 2048 Tauro
569 1987 693 2048 Cilicico
711 2007 805 2064 prope
817 2007 926 2064 pagum
941 1990 1098 2064 Klsildagh
1110 1986 1216 2072 (Tchib
1229 1981 1266 2072 l),
1286 1995 1316 2048 et
1335 2007 1434 2065 prope
1452 1987 1544 2049 Gttlek

269 2080 332 2158 (Ky
357 2095 420 2138 exo.
438 2073 500 2138 ΙΙΙ
520 2079 574 2138 sub
593 2075 695 2138 Odonl.
714 2080 885 2153 oblmisolia
904 2085 934 2139 el
951 2099 1015 2140 ers.
1036 2077 1096 2143 85!
1116 2082 1170 2141 sub
1187 2077 1221 2138 A.
1247 2075 1391 2160 murali),
1409 2081 1439 2138 in
1453 2084 1544 2138 monte

269 2167 417 2245 Ssoftlagb
434 2168 529 2243 Syrias
546 2169 677 2228 borealis
694 2169 827 2245 (Hanssk
838 2169 870 2248 l).

313 2272 434 2331 Raeemi
452 2271 594 2330 fructiferi
617 2273 763 2332 contracti
781 2277 811 2331 et
833 2272 957 2332 siliculae
981 2273 1119 2347 ellipticte
1136 2269 1171 2330 A.
1193 2271 1368 2331 amaruan
1386 2270 1440 2330 sed
1457 2268 1543 2327 barba

268 2362 469 2422 diversissima
488 2355 637 2444 l¹l,-2¹l,
655 2361 771 2436 pedalis
788 2361 922 2422 caulibus
940 2362 1072 2436 rubellio,
1089 2362 1212 2421 floribus
1230 2361 1348 2422 intense
1372 2358 1483 2420 aureis.
1501 2357 1538 2417 Si-

267 2453 364 2512 lioulae
383 2446 444 2533 ΙΙΙ,
459 2451 511 2510 lin.
529 2451 636 2525 longai.

311 2550 346 2632 β.
368 2548 558 2632 confertum.
592 2545 680 2612 Folia
712 2565 877 2614 ramorum
909 2545 1068 2614 sterilium
1100 2546 1203 2632 magis
1229 2567 1310 2613 cana
1337 2546 1476 2612 obovata
1498 2545 1538 2610 vel

267 2635 615 2736 spathulato-oblonga,
636 2633 786 2734 panicula
805 2635 904 2702 dense
924 2635 1136 2736 corymbosa,
1157 2635 1291 2702 siliculae
1311 2655 1401 2789 saepe
1421 2633 1538 2721 glaber-

268 2745 369 2791 rrmro.
392 2724 432 2790 A.
447 2723 660 2789 cnllrcbroum
680 2721 780 2790 Borss.
804 2734 835 2790 et
855 2723 919 2789 Bnl.
944 2723 1057 2810 Dragn.
1081 2722 1151 2789 Ser.
1173 2723 1214 2805 ll,
1235 2723 1272 2805 V,
1293 2745 1326 2811 p.
1352 2723 1406 2789 ⁸4.

312 2831 389 2889 Hab.
415 2829 445 2887 in
474 2833 570 2888 monte
599 2827 851 2906 Masmeneutlagb
878 2831 1076 2903 cappadocis
1093 2827 1204 2888 Oilieiae
1220 2829 1416 2889 conterminae
1435 2821 1538 2913 (Bait),

220 2937 224 2944 ·
267 2922 343 2980 inter
359 2917 520 2992 Kioildagh
538 2923 567 2976 et
584 2919 768 2978 Bosantcsou
786 2917 896 2993 (Tohib
908 2909 944 2997 Ι).

310 3129 358 3197 Α.
371 3130 691 3196 Masmenaeum
711 3125 827 3212 (lloiss.
851 3125 965 3212 [liugn.
989 3123 1058 3192 Ser.
1083 3123 1125 3206 ll,
1145 3123 1182 3204 ll,
1202 3145 1235 3210 p.
1257 3123 1315 3213 36)
1337 3124 1410 3194 basi
1430 3125 1536 3192 frules-

267 3238 356 3300 cens,
378 3216 462 3282 foliis
482 3211 787 3304 lepidoto-argyreis
807 3214 953 3281 obovatis
972 3211 1096 3280 obtusis
1116 3211 1317 3312 subplicatis,
1351 3213 1452 3282 ramis
1481 3223 1537 3280 ste·

267 3305 381 3372 rilibus
400 3304 595 3371 abbreviatis
615 3303 748 3384 foliosis,
770 3301 918 3370 caulibus
938 3299 1090 3368 floriferis
1110 3301 1201 3366 elatis
1242 3300 1536 3390 aniculatocorpm·

266 3394 354 3461 basis
374 3396 502 3461 tandem
523 3391 707 3473 denudatis,
728 3391 843 3478 petalis
863 3389 1006 3458 oboratis
1025 3387 1196 3470 vitelliniS,
1217 3320 1394 3458 blemensis
1414 3389 1535 3478 majori-

267 3483 328 3550 bus
345 3483 384 3550 ad
405 3481 548 3550 medium
568 3501 670 3568 usque
691 3481 740 3546 alal
760 3478 942 3546 unilaterali
962 3477 1052 3566 apice
1071 3476 1267 3544 denticulata
1286 3477 1470 3547 minoribns
1487 3498 1534 3564 ap·

266 3571 402 3659 pendice
428 3571 529 3636 libera
560 3568 607 3635 eis
636 3568 819 3656 aequilonga
851 3567 965 3648 auctis,
998 3564 1135 3632 racemis
1165 3564 1341 3634 fructiferis
1372 3565 1533 3635 contracb's

263 3657 570 3740 umbelliformibuS,
603 3656 738 3723 siliculis
765 3655 886 3743 glabris
913 3652 1177 3744 plano-convenis
1202 3653 1303 3722 oratis
1327 3657 1409 3745 stylo
1430 3655 1473 3723 eis
1490 3653 1532 3720 di-

265 3747 364 3814 midio
384 3747 525 3814 breviori
546 3744 727 3834 apiculatis,
749 3743 928 3811 seminibus
948 3753 1083 3829 anguste
1104 3741 1296 3827 marginatis
1324 3755 1353 3820 lt
1365 3797 1370 3809 .
1399 3745 1439 3812 A.
1462 3744 1531 3812 not-

263 3837 443 3922 conponam
463 3835 564 3902 Roiss.
587 3833 621 3899 in
641 3833 706 3900 Bal.
732 3853 797 3899 ens.
821 3831 904 3899 taut

308 3947 387 4078 Hpb.
416 3947 445 4003 in
474 3945 597 4018 regione
616 3945 758 4002 montana
774 3941 922 4016 superiori
941 3940 1050 4000 montis
1066 3939 1321 4016 Masmenendagb
1341 3939 1532 4017 Cappadocis

266 4030 436 4196 (Balllabftus
463 4139 492 4191 et
518 4134 618 4194 caules
646 4132 716 4191 elati
733 4129 767 4190 A.
787 4129 1175 4206 consolatiunculas
1196 4131 1250 4190 sed
1269 4132 1393 4193 silicnloe
1412 4129 1531 4206 majores

264 4233 294 4285 et
310 4227 432 4286 latiores
450 4219 575 4306 (1⁸)st
593 4223 645 4282 lin.
664 4215 790 4305 longae),
810 4221 924 4280 semina
939 4229 1065 4294 anguste
1083 4221 1174 4280 alate.

308 4425 355 4492 A.
380 4423 647 4508 argenteum
677 4416 816 4503 (Wittm.
838 4415 961 4482 Summ.
987 4415 1037 4496 ΙΙΙ,
1059 4437 1091 4504 p.
1115 4415 1194 4502 430)
1222 4415 1291 4482 basi
1311 4416 1527 4483 sullmtescens

263 4511 459 4592 multicaule,
481 4507 628 4575 caulibus
648 4505 817 4572 berbaceis
837 4505 927 4592 apice
947 4503 1340 4594 corymbosofastigiatis,
1362 4505 1444 4572 foliis
1461 4503 1527 4570 obo
