3134 5174
874 287 918 360 58

250 422 284 490 in
309 432 450 492 rostrum
469 425 601 512 longum
621 427 835 494 lanceolatum
854 435 1019 495 attenuata
1037 426 1087 494 vix
1117 427 1266 496 decidua.
1295 426 1422 495 llerbae
1441 447 1532 496 nana

252 511 338 580 loliis
351 511 383 580 in
396 513 530 582 lacinias
550 513 688 583 lineares
708 515 950 604 palmatiseotis.

308 726 351 795 G.
382 725 575 796 ialoatus
595 725 704 813 (Pers.
734 725 808 816 Syn.
835 725 922 814 all)
948 735 1053 793 rostro
1081 725 1215 816 carpelli
1246 747 1383 794 sursum
1408 727 1537 795 falcato·

253 811 388 882 incurvo
409 813 501 901 apice
520 815 664 882 hamato.
687 815 813 883 Formae
833 827 1006 904 sequentes
1025 815 1143 882 adsunt
1166 823 1217 896 Θ.

298 944 331 982 α.
353 915 513 1002 roboria.
534 913 626 1003 Soapi
646 914 722 982 lolia
741 924 906 1003 aequantos
936 914 985 982 vel
1020 923 1233 1002 superantes,
1254 923 1405 982 rostrum
1429 915 1537 983 latins·

254 1003 363 1070 ouium
383 1003 490 1071 abasi
515 1003 677 1072 falcatum.
698 1004 740 1070 lo.
763 1004 865 1071 llobb.
887 1001 987 1070 talo.
1012 1001 1048 1070 C.
1065 1003 1219 1090 soleatus,
1233 1002 1413 1093 Syriaeue,
1431 1005 1539 1093 platy-

253 1112 354 1158 eoroa.
377 1091 460 1159 Stov.
482 1091 563 1159 Bull.
587 1091 686 1180 illosq.
711 1091 809 1158 tels.

299 1198 375 1258 Hab.
393 1199 423 1256 in
441 1199 528 1258 eultis
545 1195 668 1258 Graaoim
686 1187 835 1282 (Helori),
859 1197 998 1258 Thraoiae
1015 1191 1137 1278 (briva)
1155 1195 1245 1272 Cypri
1262 1189 1379 1282 (Kyt),
1394 1197 1476 1259 Asiae
1490 1200 1539 1258 mi·

254 1288 335 1346 noris
352 1289 391 1347 ad
408 1287 564 1364 Smyrnam
583 1284 648 1368 (Bal
664 1307 727 1348 oxa.
747 1285 844 1366 1252)
861 1289 936 1347 etin
953 1286 1047 1361 Lyoiri
1063 1275 1225 1372 (Bourgil,
1243 1287 1341 1362 Syriae
1357 1289 1399 1347 ad
1415 1289 1539 1366 pnteppo

255 1377 352 1454 (Kyt)
370 1385 400 1438 et
418 1378 445 1436 in
464 1377 579 1438 bibano
594 1375 740 1449 (Gellii),
763 1367 939 1450 Caucasei,
959 1376 1063 1434 Persia
1081 1375 1189 1448 (Auob.
1210 1374 1243 1436 n⁰
1263 1369 1326 1440 ¹8!
1351 1367 1456 1438 Hzow!
1481 1379 1537 1454 Ky.

254 1467 337 1528 Pers.
358 1473 448 1527 anstr.
469 1485 532 1528 ers.
549 1459 674 1541 2041),
692 1467 893 1527 anlrestaniai
910 1466 948 1524 ad
967 1466 1105 1526 Buobara
1117 1465 1258 1542 (belm).
1275 1469 1388 1528 Variat
1406 1468 1540 1544 oarpellis

254 1559 486 1632 pubescentibus
505 1562 535 1615 et
551 1558 646 1617 rarius
665 1558 791 1632 glabris.
811 1555 843 1616 C.
863 1557 1027 1633 eiorrrpur
1040 1555 1120 1615 Stev.
1139 1557 1196 1618 loo.
1216 1559 1268 1618 eit.

298 1654 333 1736 β.
355 1673 519 1739 epscopus.
542 1651 634 1740 Scupi
656 1650 836 1718 brevissimi
858 1653 907 1718 vol
927 1649 1025 1733 nulli,
1047 1651 1156 1738 planta
1176 1659 1373 1720 tomenoosa

299 1759 375 1818 Hab.
395 1760 424 1816 in
441 1761 563 1832 ragione
580 1759 719 1818 montanai
738 1759 844 1818 montis
858 1758 963 1818 Gadmi
981 1759 1012 1817 in
1029 1757 1119 1818 (lariti
1142 1755 1280 1841 (Boleti)
1297 1759 1392 1836 Syria
1410 1760 1440 1819 in
1457 1759 1534 1818 Anii·

255 1849 356 1909 libano
372 1837 452 1926 (Kyl
473 1848 551 1908 Galil
563 1847 612 1930 l),
631 1849 782 1908 Palestina
800 1849 837 1908 ad
855 1849 1095 1924 Hierosolymam
1112 1849 1219 1922 (Rotnt
1230 1847 1251 1926 ).

299 1979 329 2040 y.
353 1947 519 2012 barrabas.
542 1945 663 2036 Scapus
683 1946 767 2014 loliis
788 1946 925 2032 longior.
948 1946 1083 2036 Carpeili
1109 1957 1252 2014 rostrum
1273 1946 1450 2030 angustius
1471 1967 1534 2012 roo-

255 2033 429 2102 tiusoulum
461 2035 551 2124 apice
582 2035 910 2103 incurvo-hamulum.
942 2036 1052 2102 Planta
1082 2047 1274 2104 lamentosa.
1306 2035 1346 2105 C.
1383 2037 1535 2103 incurvas

254 2121 338 2191 Stev.
360 2125 420 2190 loo.
443 2123 496 2192 cit.
519 2123 584 2192 tab¹
607 2123 672 2190 llll.

301 2229 378 2289 Heb.
404 2230 433 2288 in
461 2230 574 2290 Taurii
598 2221 727 2307 (saort),
746 2227 887 2288 Armenia
913 2231 951 2289 ad
973 2229 1114 2290 Eraerum
1132 2227 1243 2306 (Hosti
1256 2225 1290 2311 ),
1309 2231 1426 2291 Persiae
1454 2246 1534 2306 prov.

257 2317 366 2380 Gbilan
382 2319 527 2399 (Auob!).
547 2321 660 2379 Eadem
684 2319 811 2378 varietas
836 2319 865 2377 in
883 2321 1026 2396 Hispania
1044 2321 1167 2380 australi
1191 2321 1308 2380 oresoit.

301 2415 330 2483 δ.
354 2415 514 2482 minutus.
538 2415 690 2481 Rostrum
709 2413 921 2502 praecedentis
941 2415 994 2481 sed
1022 2415 1162 2502 carpello
1183 2414 1407 2482 minutarum
1435 2423 1534 2479 rostro

256 2501 305 2568 vix
324 2501 345 2569 l
363 2502 419 2569 lin.
443 2505 549 2590 longa,
573 2501 708 2569 Habitus
730 2499 766 2568 C.
788 2501 998 2570 ortboeorotis
1018 2503 1073 2570 sod
1100 2511 1244 2570 rostrum
1264 2503 1469 2570 uncinatum.

301 2613 376 2672 Hab.
390 2613 419 2671 in
436 2611 595 2688 bugnaria
616 2609 707 2688 (Griff
715 2611 757 2688 Ι),
775 2610 947 2672 Bolulsohiri
963 2610 1086 2689 (Stooks
1098 2608 1106 2671 i
1117 2607 1139 2692 ).

298 2708 357 2771 Δι’.
381 2709 504 2788 Gangr.
525 2712 683 2788 Hispania,
707 2709 806 2772 Gallia
831 2711 927 2770 media
957 2717 987 2772 et
1003 2711 1160 2790 australis,
1184 2709 1348 2772 Germania
1377 2711 1530 2785 annualis,

257 2801 363 2880 ltalia,
388 2802 497 2862 Rossia
512 2801 662 2862 australis.

299 3033 341 3102 G.
362 3031 625 3101 orthooeras
645 3029 712 3118 (llo.
727 3029 810 3120 Syst.
834 3031 859 3096 l,
882 3051 913 3118 p.
938 3029 1015 3107 ibi)
1035 3040 1141 3098 rostro
1161 3032 1380 3118 carpellorum
1402 3027 1531 3096 rectius·

254 3121 456 3276 nglpopbatulo
488 3120 577 3209 epioe
607 3140 673 3186 non
700 3119 853 3186 uncinato
875 3127 927 3200 Θ.
955 3117 1077 3186 Doleas.
1107 3119 1148 3186 le.
1179 3119 1244 3186 tab.
1274 3118 1329 3186 23.
1354 3117 1456 3186 Robb.
1478 3114 1527 3201 fig.

300 3261 428 3374 Hab.·in
446 3314 533 3374 onltis
561 3312 699 3373 Thraoia
720 3311 814 3386 (Fris.
843 3329 881 3372 er
904 3303 1064 3397 Griseb.),
1087 3311 1209 3372 Tauria
1236 3305 1387 3398 (Stant),
1413 3306 1530 3370 (lauanti

256 3403 325 3482 (ΜΒ
337 3401 344 3464 l
358 3405 385 3480 ),
400 3403 548 3464 Armenia
561 3403 599 3462 ad
609 3403 752 3462 Eraernm
764 3399 872 3476 (Huetl
889 3399 1015 3484 Calvi),
1034 3403 1142 3462 Pareiae
1156 3403 1193 3462 ad
1206 3402 1375 3462 Astarabad
1394 3393 1528 3480 (Berge),

256 3491 467 3554 Turkeslaniar
483 3493 522 3553 ad
539 3493 677 3553 Bnobara
693 3491 809 3568 (bebm.
828 3509 864 3550 ox
882 3487 981 3572 Bge),
1001 3491 1179 3553 Beluteobiae
1210 3490 1332 3572 (Slooks
1343 3490 1351 3552 Ξ
1362 3489 1383 3573 ).

303 3593 405 3653 Variat
423 3595 612 3654 tomentellua
626 3599 655 3652 et
673 3593 788 3667 glaber.
805 3591 890 3652 Hnlli
902 3611 969 3652 eum
986 3611 1040 3668 pro
1057 3594 1256 3670 precedentis
1269 3595 1417 3653 varietate
1430 3589 1530 3648 babent

258 3685 312 3743 sed
330 3685 471 3743 transitus
488 3683 641 3760 hueusque
659 3699 718 3741 non
736 3683 810 3742 vidi.

302 3783 364 3847 Ar.
389 3784 512 3864 Geogr.
538 3786 699 3848 Germania
718 3787 871 3862 australis,
889 3785 1048 3862 Balgaria,
1066 3787 1174 3846 Rossia
1203 3787 1315 3863 madia,
1333 3784 1444 3846 Sibiria
1459 3777 1525 3839 Ura·

259 3878 361 3938 laneis.

675 4109 733 4177 Tu.
754 4108 807 4176 vl.
833 4105 1119 4177 HHLLHBORHAE.

304 4316 396 4406 Calyx
415 4315 613 4383 aeslivatione
633 4315 835 4382 imbricatus.
858 4313 966 4381 Patala
984 4313 1085 4396 nulla,
1109 4313 1244 4380 linearia
1263 4313 1311 4379 vel
1332 4299 1522 4396 irregularia.

260 4405 412 4473 Antberae
431 4413 595 4472 extrorsae.
618 4403 754 4492 Capsula
773 4405 988 4492 polysperma.
