3230 5190
652 405 717 474 955

77 549 162 610 Hab.
189 569 226 608 cx
251 551 288 610 cl.
315 550 413 609 Bohse
435 551 465 609 in
491 551 584 625 sylvis
611 567 695 624 prov.
715 548 824 608 Glrilan
842 555 872 609 ct
891 549 1090 609 Menanderan
1117 546 1227 605 Persia
1253 547 1319 605 bor.

12 643 221 718 spontanea3
240 657 276 699 cx
295 639 381 713 syria
397 641 435 700 ab
447 699 449 702 ,
463 641 633 699 curatoribus
656 640 785 714 antiquis
803 641 944 716 indigena
961 639 1068 698 dicitur
1086 637 1139 695 scd
1157 637 1197 694 ibi
1219 651 1314 709 nuper

14 735 205 801 spontanea
217 747 275 788 non
289 731 456 788 observata.
471 727 583 787 Colitur
596 731 624 786 in
637 730 814 788 ambulacris
830 727 966 789 Gracia!
986 724 1188 787 Macedonia!
1204 715 1315 806 Syrico!

20 807 208 878 Anatoliae!
231 813 379 894 AEgyptil
404 818 520 876 Persiae.
539 817 584 876 ΡΙ.
604 811 756 877 atat-lun.

314 1244 437 1319 0111).
464 1245 660 1318 XXXIV.
689 1245 1043 1342 ‚AMPEMDEAE

355 1409 405 1482 Η.
422 1410 467 1482 Β.
486 1408 533 1484 R.
551 1408 646 1482 Nou.
664 1407 759 1482 Gen.
777 1409 826 1498 V,
844 1436 879 1506 p.
905 1406 1006 1480 225.

84 1688 196 1756 Floras
216 1691 381 1776 regulares
402 1690 656 1776 hcrmaphroditi
677 1693 724 1758 vcl
744 1691 853 1758 diolci.
875 1693 965 1780 Calyx
986 1711 1105 1778 parvus
1126 1690 1253 1775 integer
1273 1691 1319 1755 vcl

27 1774 97 1842 45
122 1778 271 1843 dentatus
297 1778 383 1843 inlus
405 1789 474 1845 toro
493 1777 670 1845 disciformi
691 1781 737 1846 vel
758 1782 922 1847 urceolam
941 1779 1084 1846 vestitus.
1108 1778 1215 1844 Patala
1234 1777 1256 1844 ll
1274 1778 1321 1844 vcl

29 1863 56 1930 5
81 1865 164 1931 disci
185 1866 325 1952 margini
345 1878 434 1932 exuis
455 1865 575 1932 inserta
595 1868 878 1934 valvatadenlibus
891 1867 1007 1955 calyeis
1020 1867 1155 1933 alterna.
1178 1863 1321 1932 Stamina

30 1963 88 2020 tot
109 1965 189 2042 quot
207 1956 310 2041 petala
331 1965 404 2021 ante
424 1975 462 2020 ea
481 1953 569 2020 disco
589 1953 721 2021 inserta.
743 1955 893 2024 Ouarium
916 1956 1052 2022 liberum
1073 1952 1147 2019 5-6
1166 1954 1321 2031 Ioculare,

30 2041 140 2108 loculi
169 2043 182 2107 l
202 2041 250 2106 -5
269 2042 398 2108 ovulali.
425 2041 523 2109 Ovula
542 2053 698 2130 arualropa
717 2055 836 2125 crecta,
859 2045 958 2131 raplre
978 2041 1139 2109 centralis.
1162 2041 1268 2128 Stylus
1290 2042 1320 2122 l,
1358 2075 1362 2084 ·

32 2130 161 2215 stigma
181 2131 366 2216 capitatum.
400 2130 496 2196 Bacca
517 2129 592 2196 5-6
613 2132 775 2198 iocularis.
808 2132 937 2198 Semina
967 2143 1073 2198 erecta
1104 2128 1320 2210 albuminosa‚

32 2228 126 2286 testa
145 2239 248 2285 ossea.
270 2257 312 2266 -
332 2218 477 2284 Frutiees
498 2220 699 2286 scandentes.

719 2457 740 2528 S

290 2577 335 2670 (t.
359 2577 434 2652 dcc.
463 2577 540 2652 284.
560 2620 605 2629 —
632 2455 744 2649 55553
769 2578 854 2652 linn.
881 2578 954 2652 (len.
981 2576 1071 2664 tlt).

87 2782 181 2870 Calyx
201 2782 326 2868 integer
345 2784 393 2848 vel
413 2783 556 2850 obsoleta
575 2781 630 2848 aa
651 2783 810 2849 dentatus.
836 2784 942 2850 Pelala
961 2781 1131 2864 ddlibera
1145 2791 1176 2847 et
1188 2780 1322 2846 seorsim

37 2870 181 2937 decidua
207 2872 255 2936 vel
283 2870 372 3025 agneo
397 2870 596 2937 cohaerentia
622 2882 653 2936 et
678 2873 829 2971 calyptrae
856 2873 893 2937 ad
923 2871 1023 2936 instar
1051 2870 1146 2936 simul
1173 2869 1321 2935 decidua.

39 2959 190 3026 Stamina
208 2957 274 3024 4-5.
319 2960 400 3046 tylos
417 2959 637 3043 longiusculus
657 2961 703 3025 vel
725 2972 839 3045 stigma
860 2958 1042 3025 sulrsessile.
1058 2957 1157 3024 Bacca
1170 2956 1226 3022 5-4
1239 2959 1325 3024 loca-

37 3047 121 3114 laris
150 3045 231 3114 5-5
261 3068 390 3148 sperma
408 3047 456 3113 vel
476 3047 591 3114 abortu
613 3047 821 3114 uniloeularis
848 3067 1086 3134 monosperma.
1113 3084 1157 3094 -
1176 3045 1321 3111 Frutices

40 3135 240 3202 scandentes
260 3135 396 3202 cirrhosi
417 3135 465 3202 vel
485 3135 653 3203 eeirrhosi.

41 3364 140 3432 Sacr.
164 3363 188 3428 l.
216 3363 358 3429 Euvrrus.
388 3401 431 3410 -
454 3361 571 3429 Petale
597 3365 633 3428 in
657 3364 838 3516 οαζῖχριναφη
865 3362 1068 3428 cataractis.
1097 3360 1225 3449 Sliymc
1250 3362 1326 3426 sud-

626 3471 703 3516 scsse
719 3471 745 3516 e.

89 3629 138 3694 V.
158 3627 352 3694 vinifera
372 3625 421 3710 (L.
445 3624 498 3712 Sp.
520 3623 612 3712 593),
635 3625 733 3691 ramis
753 3625 925 3704 cirrhosis,
952 3623 1035 3689 soliis
1055 3623 1326 3690 cordato-subor-

44 3715 197 3782 biculalis
217 3713 445 3801 quinquelohis
465 3734 575 3798 ‘grosse
595 3713 747 3794 dentatis,
767 3711 880 3800 petalis
901 3711 920 3777 5
941 3710 1085 3778 eboratis
1105 3712 1210 3799 calyce
1230 3712 1309 3778 obso

45 3805 109 3871 lete
129 3803 259 3869 dentato
280 3802 380 3869 multo
401 3801 602 3887 longioribus
622 3813 650 3878 5.
673 3801 720 3866 m.
743 3801 845 3868 Graec.
869 3801 933 3867 tab.
957 3798 1033 3865 545.

92 3911 168 3970 Hab.
187 3910 215 3968 in
236 3910 363 3969 dramatis
376 3911 414 3970 ad
432 3911 551 3970 rivulos
563 3910 794 3983 subspontanea,
815 3906 933 3968 Gracia
951 3902 1085 3989 (Siblh.);
1104 3907 1281 3968 Macedonia
1299 3915 1328 3966 et

36 3999 180 4060 'Thracia
192 3997 347 4076 (Griseb.).
362 3999 503 4058 Anatolia
516 3989 635 4072 (Boissl
655 3997 757 4058 Wicdl
771 3997 867 4057 Tchilr
879 4000 885 4055 l
895 3994 915 4078 l,
932 4015 1016 4072 prov.
1031 3997 1200 4056 Caucasicae
1214 3997 1325 4074 (Szowl

44 4089 190 4168 Ledeb.),
210 4089 312 4149 Persia
339 4088 467 4149 borealis
492 4087 639 4148 maritima
663 4087 780 4166 (Buhse
793 4077 830 4162 ll.
855 4086 968 4146 Colitur
987 4087 1015 4144 in
1044 4085 1160 4145 Gracia
1178 4104 1270 4161 usque
1288 4087 1325 4144 ad

43 4175 279 4242 deod-5600*
299 4173 456 4258 (Proca),
478 4179 506 4235 in
519 4179 660 4237 Anatolia
677 4196 771 4252 usquc
789 4179 827 4236 ad
844 4172 1088 4240 5600‘·5400’
1109 4168 1258 4257 (Tabim).

92 4280 202 4339 Forma
220 4285 385 4354 spontanea
402 4277 492 4338 babet
507 4279 579 4337 lolia
598 4279 772 4353 profundius
791 4279 891 4338 lobata
908 4287 938 4338 et
955 4279 1081 4338 fructum
1099 4278 1250 4337 acerbum.

90 4501 138 4568 V.
157 4501 353 4580 Persica,
374 4499 487 4586 glabra
506 4500 730 4584 glarrcescens,
761 4498 858 4566 ramis
879 4498 1054 4565 ecirrhosis
1075 4497 1229 4565 teretibus
1249 4500 1325 4566 sub-

46 4588 186 4668 strialis,
219 4586 303 4654 loliis
330 4588 449 4676 petiole
476 4588 658 4675 aequilengo
685 4587 823 4654 sullultis
843 4584 924 4652 5-7
945 4586 1065 4654 nerviis
1086 4609 1103 4655 a
1123 4587 1191 4654 basi
1213 4589 1273 4654 lale
1295 4598 1324 4654 et
