3204 5196
854 325 919 396 856

296 468 377 550 Hab,
391 468 420 526 in
438 468 563 527 collibus
579 467 666 528 siccis
683 469 895 545 Paphlagoniae
910 471 949 529 ad
966 471 1161 530 Kastamouui
1181 463 1328 555 (wioni),
1347 470 1473 530 Galatia
1484 471 1520 530 ad

251 553 399 631 Ancyram
418 555 564 634 (wicdt),
584 559 731 617 Armenim
753 559 880 620 borealis
905 560 942 618 ad
970 558 1206 618 Gumuohlrhane
1229 560 1380 638 (Bourgl)
1399 565 1429 618 et
1453 578 1522 618 aus·

252 647 336 704 tratis
353 647 389 704 ad
414 645 531 720 Karput
554 637 681 722 (Nost),
696 647 918 722 Mesopotamiae
936 656 965 706 et
982 649 1114 724 Assyriae
1132 638 1250 726 (Ausul
1274 647 1393 728 Nost),
1410 651 1449 708 ad
1465 649 1520 708 Eu·

252 733 386 808 phratem
405 733 525 812 (Obesn.
544 753 606 794 exs.
626 733 730 815 leot),
749 736 843 812 Syria
858 737 897 796 ad
909 739 1026 813 Aleppo
1047 737 1109 815 (Ky
1125 755 1187 797 ens.
1206 735 1283 813 981)
1302 748 1333 798 et
1348 741 1388 798 ad
1401 738 1521 797 Damas·

251 840 317 882 cum
331 822 447 950 'licebitl
458 825 488 900 l).
507 825 673 884 Palestinm
690 827 727 885 ad
743 827 980 901 Hierosolymam
997 826 1095 898 (Boias
1105 827 1126 904 l)
1145 837 1175 886 et
1191 829 1229 886 ad
1242 829 1365 888 Hebron
1381 827 1444 904 (Ky
1458 844 1521 886 exi.

252 908 352 974 549..
372 913 416 973 rt.
435 917 490 974 fine
511 916 600 972 veris.

296 1013 321 1074 A
342 1015 370 1074 L.
388 1017 467 1092 [locu
485 1017 641 1076 discedens
658 1019 791 1077 caulibus
809 1019 871 1078 basi
895 1019 1101 1090 suffreticcsis,
1120 1017 1199 1077 loliis
1224 1020 1334 1094 sapius
1353 1020 1520 1096 uninerviis,

252 1121 345 1180 cymae
362 1107 452 1164 ramis
470 1105 578 1165 crassis
598 1107 778 1166 divaricatis.
798 1106 1023 1168 Observandum
1041 1125 1078 1165 an
1091 1107 1151 1166 illac
1168 1113 1246 1168 nota
1263 1110 1339 1167 satis
1357 1117 1523 1168 constantes

254 1194 321 1252 siut.

296 1291 330 1375 β.
354 1291 619 1378 Pompbpliccm.
643 1291 727 1358 Folia
754 1291 908 1358 interiora
935 1292 973 1358 ad
1000 1291 1090 1358 basin
1123 1293 1265 1358 caulium
1298 1294 1460 1360 conferta.
1494 1294 1523 1359 l.

252 1377 504 1466 Pcrrcplrplc'cum
524 1378 623 1445 Boiss.
648 1378 680 1444 in
700 1380 744 1466 pl.
769 1379 879 1446 Heldr.
903 1401 967 1446 ers.

298 1485 374 1545 Hab.
393 1487 420 1544 in
439 1485 515 1545 colle
533 1487 634 1560 aprico
652 1485 689 1544 ad
707 1485 896 1546 cheltikebi
914 1486 1108 1546 interAdalia
1120 1493 1149 1546 et
1165 1487 1318 1547 Bouldour
1336 1489 1482 1564 (Heldrlt.

298 1711 341 1776 L.
361 1711 598 1778 Taurinum
619 1709 742 1794 (Willd.
766 1711 878 1776 linum.
909 1730 939 1796 p.
962 1707 1046 1794 339)
1067 1708 1212 1774 caulibus
1234 1706 1410 1774 berbaoeis
1431 1706 1527 1772 tenui·

255 1796 335 1878 bus,
357 1797 441 1864 foliis
462 1797 701 1864 subuninerviis
728 1796 936 1864 inferioribus
955 1795 1238 1876 lineari-oblongis
1257 1795 1389 1862 obtusis
1409 1795 1526 1860 caeteris

254 1883 572 1952 lineari-lanceolatis
592 1886 707 1966 acutis,
728 1890 820 1973 cyma
833 1884 1027 1972 peniculatzl,
1048 1883 1165 1970 sepelis
1184 1882 1527 1968 oblongo-lanceolatis

255 1973 448 2040 acuminatis
480 1974 624 2058 margine
645 1973 842 2060 glandulosis
863 1973 980 2039 corolla
1002 1971 1098 2059 triplo
1128 1971 1336 2037 breuioribus
1370 1972 1526 2057 capsulam

254 2061 499 2138 excedentibus,
524 2062 634 2148 petalis
666 2062 782 2148 pallide
809 2061 904 2128 luteis
934 2057 1299 2139 oboram-orbiculatis,
1329 2058 1528 2145 stigmatibus

254 2147 516 2215 lineari-clavatis
544 2161 590 2224 lt.
625 2150 659 2216 L.
682 2149 950 2236 cumpon'ulctcm
982 2147 1045 2214 llll.
1076 2147 1172 2214 Taur.
1206 2147 1304 2212 Gerre.
1341 2146 1525 2233 (exparte).

257 2232 294 2302 L.
317 2237 437 2322 (latrum
459 2259 525 2302 rer.
554 2237 744 2304 Thracicum
763 2237 889 2304 Griseb.

300 2344 375 2402 Hab.
399 2347 427 2401 iu
454 2347 571 2418 pascuis
588 2345 675 2403 siccis
693 2343 830 2403 Thraciae
852 2345 929 2402 inter
945 2343 1077 2402 Rodesto
1106 2347 1136 2400 et
1161 2341 1272 2400 Ruskiti
1300 2331 1490 2417 (Grisebl),
1505 2343 1527 2398 in
1598 2369 1599 2392 t

258 2433 382 2490 collibus
407 2433 590 2492 desertorum
614 2432 752 2508 Georgia
779 2433 951 2492 Caucasicae
973 2449 1067 2507 propc
1085 2431 1295 2489 Helenendort
1309 2425 1419 2502 (Hohl
1447 2431 1529 2488 lerna
1598 2439 1599 2442 ’

254 2525 286 2578 ut
303 2527 332 2580 et
358 2521 506 2581 Thracica
533 2523 665 2582 caulibus
693 2522 829 2597 foliisque
853 2521 1032 2598 brevibus),
1057 2523 1085 2578 in
1114 2521 1224 2595 apricis
1247 2519 1372 2578 Tauriae
1392 2529 1527 2578 montosa
1599 2583 1600 2596 p

255 2606 344 2686 (stov.
364 2611 459 2669 torma
477 2611 610 2671 caulibus
629 2612 747 2671 ctfoliis
767 2610 977 2689 longioribus).
1599 2611 1600 2622 ¹

300 2709 325 2768 Α
344 2711 373 2768 l.
390 2711 467 2783 Meo
484 2711 561 2769 ioiiie
580 2711 741 2770 uninerviis
758 2711 979 2786 augustioribus
998 2715 1028 2768 et
1042 2709 1165 2768 floribus
1184 2707 1306 2780 pallidis
1326 2707 1392 2766 iere
1411 2702 1526 2769 dimidio

256 2800 416 2858 minoribus
433 2818 472 2859 au
489 2800 627 2874 specifice
644 2807 690 2860 sat
708 2791 906 2860 distinctum?

299 2897 333 2976 β.
356 2893 599 2961 Pullusiumun.
623 2893 710 2960 Folia
731 2895 769 2960 ad
790 2893 913 2981 apicem
938 2891 1125 2958 rbiaomatis
1146 2892 1308 2978 cespitesa
1328 2893 1430 2958 dense
1450 2892 1526 2957 velu-

256 2981 322 3048 tina
352 2991 487 3066 anguste
517 2981 652 3048 linearia
682 2993 794 3063 acuta,
823 2983 930 3048 caules
956 2980 1069 3046 breves
1096 2977 1155 3045 1-3
1174 2979 1261 3046 llcri.
1295 2980 1334 3045 L.
1363 2980 1526 3067 prodessem

257 3070 362 3135 Willd.
386 3069 483 3136 berb!
506 3070 541 3137 L.
572 3070 798 3136 Pollcsicucm
816 3069 937 3136 Schult.
961 3067 1043 3156 Syst.
1066 3067 1119 3150 lll,
1140 3087 1171 3154 p.
1195 3065 1272 3133 758.

299 3175 376 3234 Hab.
393 3175 421 3233 in
439 3176 551 3235 Taurii
568 3171 682 3258 (Pallas
693 3170 718 3258 l)
737 3177 817 3235 circa
835 3173 1012 3248 Sebastopol
1032 3171 1150 3250 (stem).

299 3275 406 3336 Gaules
424 3279 695 3354 sesquipollicares‚
714 3277 787 3337 lolia
813 3283 956 3350 congesta
980 3275 1233 3335 subcanalieulata
1257 3272 1317 3337 5·6
1334 3276 1431 3334 lineas
1449 3276 1525 3348 longa

257 3363 272 3426 l
296 3367 403 3424 lineam
420 3367 488 3426 lata.
509 3367 554 3426 Ex
572 3369 607 3426 cl.
627 3365 735 3426 Steven
751 3367 789 3425 ed
807 3367 932 3434 sormam
951 3366 1085 3439 glabram
1103 3365 1218 3422 transit.

298 3465 354 3529 Ar.
378 3477 500 3546 Gcogr.
525 3470 780 3530 Rossiasnstralis
796 3471 825 3528 in
845 3468 1022 3528 Bessarabib
1040 3468 1125 3526 etad
1144 3465 1300 3527 Odessam.

298 3701 341 3766 L.
364 3699 598 3784 Syriacum
619 3699 732 3786 (Boias.
750 3712 781 3765 ct
799 3699 909 3781 Galil.)
929 3700 1077 3785 glabrum
1098 3700 1318 3784 glaucesceus‚
1336 3699 1406 3764 basi
1421 3699 1522 3764 sutiru-

256 3799 378 3852 tescens
400 3787 596 3868 multiscium,
618 3787 764 3854 caedibus
785 3808 820 3852 su
848 3809 925 3853 erne
946 3787 993 3852 rix
1015 3787 1187 3874 angulatis,
1201 3786 1452 3853 loliisomnibus
1470 3787 1521 3853 mi-

254 3874 340 3940 nutis
360 3874 536 3940 urninerriis
556 3887 690 3960 anguste
710 3809 1079 3942 leucadiam-linearibus
1098 3875 1220 3951 acutis,
1241 3895 1342 3963 cymae
1368 3876 1520 3962 depaupe-

252 3973 330 4029 ratce
344 3962 442 4028 ramis
454 3963 531 4027 laris
545 3963 696 4028 tenuibus
710 3962 906 4050 pumilionis,
921 3963 1038 4050 sepelis
1052 3974 1186 4049 anguste
1206 3963 1393 4029 lanceolatis
1408 3963 1520 4030 inierne

253 4050 710 4132 membranaceo-marginatis
723 4051 912 4118 brevissime
925 4049 1123 4133 glandulosis
1137 4053 1230 4135 longe
1250 4050 1446 4118 acuminatis
1459 4073 1520 4117 mu·

251 4139 392 4205 crenatis
413 4140 533 4204 corolld
554 4139 647 4225 triplo
668 4138 870 4204 brevioribus
890 4138 1067 4206 fructiferis
1087 4139 1231 4205 recurvis
1251 4139 1384 4238 capsula
1404 4140 1520 4226 sesqui·

251 4225 466 4312 longioribus,
488 4226 601 4313 petalis
622 4227 710 4293 liaris
730 4227 875 4294 obovatis
894 4227 1031 4310 obtusis,
1052 4226 1256 4312 stigmatibus
1276 4227 1453 4294 linearibus
1478 4239 1517 4303 tt.

294 4334 370 4392 Hab.
389 4334 418 4391 in
437 4334 621 4407 rupestribue
640 4335 783 4393 calcaneis
800 4333 960 4393 Antilibani
978 4335 1053 4392 inler
1070 4334 1247 4394 Damascum
1264 4339 1295 4392 et
1314 4334 1475 4410 Berytbnm
1487 4334 1521 4392 ad

251 4421 346 4482 Ouedi
366 4423 392 4482 el
412 4422 495 4481 Kam
522 4428 552 4480 et
573 4418 670 4482 Ouadi
689 4425 717 4482 el
734 4424 821 4483 Harir
847 4418 992 4505 (balbi),
1019 4425 1047 4481 in
1075 4431 1172 4492 monto
1195 4423 1320 4498 Schergi
1344 4424 1395 4482 alt.
1414 4419 1520 4484 5000'

250 4509 310 4594 (Ky
331 4529 391 4572 exe.
412 4509 480 4588 il).
500 4511 544 4569 iil.
563 4513 720 4572 Mai-lun.
