3204 5196
859 362 923 432 890

301 497 335 579 β.
356 497 577 586 plurr’jupum.
601 499 694 568 Paria
720 500 796 570 bina
822 512 1062 590 segmentorum
1082 504 1276 572 interiorum
1297 507 1404 591 magis
1425 504 1530 572 dissita

258 603 321 650 non
342 595 397 651 eut
414 586 462 651 vir
484 587 693 672 continentis,
714 590 800 680 calyx
821 592 928 680 patule
948 591 1063 658 hirtus.

301 691 377 752 Hab.
394 693 423 752 in
441 695 518 754 valla
535 695 636 754 Kame
655 714 749 771 prope
767 697 876 756 lirivun
895 699 924 756 in
942 699 1081 758 Armenia
1097 699 1224 758 Rosstea
1239 699 1355 771 (Bubse
1366 699 1400 776 i).

301 793 370 854 Haeo
387 793 482 854 torma
499 797 584 872 cujns
596 801 695 872 petala
707 817 765 858 non
784 799 844 858 vidi
861 800 961 860 babitu
980 801 1018 859 ad
1038 799 1260 862 dmorclntum
1277 800 1399 860 accedit
1414 799 1469 858 sed
1483 801 1529 858 sti·

255 882 334 955 pulis
349 884 525 944 acuminatis
541 887 578 945 ab
597 904 632 946 eo
649 889 747 946 statim
760 887 960 965 distinguitur.

299 979 358 1044 Ar.
381 981 504 1062 eroge.
529 987 636 1046 Roasia
653 987 804 1049 australia.

292 1213 340 1285 E.
361 1219 611 1291 Romanum
637 1221 693 1309 (b.
717 1222 770 1310 Sp.
792 1221 852 1289 951
884 1223 944 1288 sub
973 1220 1110 1289 Gerrunio
1113 1225 1130 1311 )
1162 1222 1302 1311 sparsim
1328 1235 1364 1290 et
1385 1223 1527 1310 adpresse

254 1303 496 1390 elbo-hirtum,
517 1309 641 1380 acnule.
662 1309 769 1377 radice
790 1309 946 1392 verticali,
967 1309 1050 1376 loliis
1071 1311 1221 1376 rosulntis
1241 1311 1527 1397 oblongo-lancee

255 1389 573 1493 latispinnatiseetis
599 1398 773 1482 segmentis
800 1397 965 1465 sessilibus
989 1398 1268 1484 ovato-oblongis
1281 1399 1528 1553 pinnatilobatis

253 1479 378 1548 lacinus
398 1483 530 1550 minutis
549 1485 696 1572 oblongis
716 1486 830 1568 acutis,
851 1485 1042 1573 pedunculis
1062 1485 1260 1554 radientibus
1281 1484 1345 1551 v-5
1367 1487 1469 1568 lloris,
1488 1508 1529 1554 se

254 1567 335 1654 pelis
354 1571 491 1657 sparsim
512 1585 542 1638 et
566 1573 717 1672 adpresse
745 1574 838 1641 hirtis
865 1575 966 1639 seluta
994 1573 1181 1674 spiculisne,
1212 1574 1330 1662 petalis
1358 1575 1529 1662 aequalibus

254 1655 404 1724 violaceis
424 1658 637 1726 immaculatis
663 1662 709 1728 eal
732 1683 767 1728 ee
793 1661 847 1728 *2-3
869 1661 921 1748 plo
941 1661 1154 1748 longioribus,
1176 1661 1330 1750 carpellis
1352 1663 1527 1730 albohirtis

255 1755 360 1896 {giro
380 1745 549 1834 quintuplo
569 1683 772 1816 brevioribus
800 1760 828 1825 lt
840 1803 846 1816 .
870 1748 911 1816 Ε.
932 1748 1114 1816 Romanum
1133 1750 1243 1816 Willd.
1266 1749 1317 1815 rt.
1340 1751 1448 1816 Graec.
1468 1751 1526 1816 tab.

299 1853 330 1898 s.

296 1937 372 1996 Hab.
391 1939 420 1997 in
438 1942 530 2013 pratis
552 1939 657 2000 Atticus
673 1947 703 2000 et
719 1937 917 2017 Peloponnesi
936 1941 1053 2018 (sinen,
1088 1944 1170 2003 berb.
1189 1932 1335 2003 renone!
1350 1947 1385 2020 ),
1405 1944 1528 2019 Byrantii

254 2021 393 2108 (Grisebt
407 2031 432 2103 l,
452 2028 591 2090 Armenici
615 2031 654 2090 ad
682 2031 823 2090 Erzerum
841 2029 982 2109 (Calvi),
1012 2031 1100 2107 Syria
1120 2034 1159 2091 ad
1184 2033 1307 2107 Aleppo
1333 2026 1527 2110 (Haussk!)‚

252 2115 397 2191 Tripolim
414 2113 510 2198 (Bll),
529 2119 644 2180 Libano
662 2121 700 2234 apl
718 2119 803 2180 lidan
820 2109 921 2197 (Bri),
943 2121 1114 2182 Antilibano
1133 2121 1252 2198 (Gaillt
1271 2121 1324 2196 Ky
1343 2139 1412 2182 ens.
1433 2121 1527 2198 titt),

254 2205 299 2264 Fi.
319 2223 401 2268 vere.

298 2302 355 2366 Ar.
374 2305 496 2386 ssogr.
522 2309 615 2384 Regio
640 2311 858 2371 mediterranea
876 2311 1011 2386 Europae.

784 2563 802 2599 ⁴*
826 2565 844 2598 s
882 2566 996 2624 Annua.

476 2755 500 2834 †
522 2759 542 2830 †
566 2756 648 2816 Folia
665 2759 765 2817 omnia
779 2757 922 2832 pinnatim
941 2757 986 2815 vel
1012 2756 1184 2831 bipinuatim
1204 2761 1302 2815 secta.

295 2940 338 3006 Ε.
358 2940 624 3010 cloacarium
644 2941 694 3029 (L.
715 2941 766 3028 Sp.
790 2939 833 3007 95
852 2941 912 3007 sub
934 2939 1086 3022 Geroreo)
1105 2940 1280 3006 subacaule
1302 2941 1438 3006 tandem
1459 2961 1523 3006 osu-

248 3027 390 3108 leseens,
421 3028 492 3114 pilis
524 3029 732 3130 pupillaribus
763 3029 843 3096 albis
874 3030 945 3116 plus
973 3029 1079 3094 minus
1104 3027 1244 3095 obsitum
1273 3049 1420 3115 superne
1448 3049 1523 3114 saepe
1599 3055 1601 3070 ·

249 3115 488 3200 glandulosnm‚
510 3117 592 3182 lolius
612 3117 758 3198 oblongis
778 3115 998 3205 pinnatisectis
1018 3117 1192 3201 segmentis
1212 3114 1300 3182 7-tl
1328 3137 1396 3182 non
1416 3117 1524 3182 decur-

251 3203 396 3269 rentibus
415 3205 515 3271 ovntis
535 3205 693 3292 profunde
713 3205 815 3272 inciso
828 3243 842 3256 -
855 3204 1013 3286 dentatis,
1041 3203 1166 3292 stipulis
1193 3203 1386 3272 lanceolatis
1416 3203 1523 3284 acutis,

247 3290 362 3377 sepelis
383 3291 523 3358 breviter
543 3293 752 3375 mucronatis,
773 3293 886 3382 petalis
907 3291 1050 3360 obovatis
1069 3292 1285 3380 inaeqrralibus
1305 3291 1411 3379 culyci
1429 3291 1524 3378 requi-

248 3378 351 3464 longis
372 3381 417 3446 vel
439 3381 639 3467 longioribus
664 3382 837 3469 purpureis
865 3401 949 3468 seepe
981 3380 1167 3460 maculatiS,
1199 3379 1376 3446 filamentis
1409 3377 1525 3466 glabris

249 3467 433 3533 lanceolatis
463 3469 641 3548 edentulis,
673 3471 870 3536 valvularum
901 3468 1034 3535 soreolis
1060 3469 1173 3536 subtus
1199 3469 1287 3620 pliod
1320 3467 1524 3534 concentrirt

249 3554 364 3637 auctis,
388 3567 491 3623 rostro
511 3558 659 3646 carpellis
679 3557 739 3624 5-6
759 3559 811 3646 plo
831 3557 977 3644 longiore
1000 3565 1051 3636 Θ.
1074 3557 1176 3623 Rchb.
1210 3576 1253 3642 rg.
1277 3553 1379 3622 4864.

294 3661 369 3720 Hab.
390 3661 418 3718 in
438 3665 550 3737 campis
568 3669 598 3722 et
616 3664 701 3723 cultis
719 3664 808 3722 totius
834 3663 955 3722 ditionis
980 3680 999 3720 a
1022 3659 1138 3721 Graecis
1161 3661 1197 3720 ad
1217 3662 1359 3721 Arabiam
1380 3659 1522 3720 Petraeam

251 3748 390 3826 (Boissi)‚
408 3752 539 3811 Persiam
553 3755 725 3812 orientalem
738 3749 843 3832 (bgel)
862 3758 892 3810 et
905 3751 1067 3810 australem
1082 3753 1111 3810 in
1127 3750 1230 3811 insulis
1244 3749 1362 3808 Karrak
1381 3755 1411 3807 et
1424 3747 1524 3824 Korgo

252 3838 315 3916 (Ky
334 3857 396 3899 ens.
417 3837 500 3923 tsi),
522 3841 708 3926 Atiglnanism
725 3839 859 3920 (erint),
877 3839 1076 3900 Belutschiam
1093 3839 1262 3920 (Stoclrsl).
1282 3838 1328 3896 nt.
1348 3856 1434 3896 vere.

296 3940 495 4016 cotyledones
519 3943 674 4002 trilobutae.

296 4039 353 4102 Ar.
377 4041 499 4120 Geogr.
514 4046 645 4122 Europa,
664 4047 765 4106 Africa
777 4046 854 4118 bon,
873 4043 999 4122 Sibiria;
1017 4043 1318 4120 intemperatioribus
1337 4042 1428 4100 totins
1444 4042 1522 4100 orbis

252 4133 461 4194 introductum.

295 4369 704 4454 E.Jaoqutn1anum
724 4369 775 4454 (F.
798 4379 828 4434 et
850 4368 888 4434 ll.
909 4366 978 4434 ind.
995 4367 1034 4433 lx
1055 4366 1092 4432 li.
1120 4366 1248 4453 Petrop.
1274 4362 1383 4450 Suppl.
1402 4383 1434 4449 p.
1457 4361 1518 4446 ll).

253 4456 394 4522 breviter
414 4459 598 4544 pubescenti
613 4497 627 4508 ·
640 4458 782 4545 griseum
801 4455 1013 4534 viscidulum‚
1034 4454 1180 4522 caulibus
1202 4451 1353 4520 brevibus
1372 4471 1520 4548 procum-

253 4545 422 4620 bentibus,
455 4546 538 4614 loliis
564 4546 711 4630 oblongis
738 4543 927 4613 tenuissime
953 4542 1209 4634 bipinnetiseotis
1236 4538 1354 4608 tobulis
1380 4555 1519 4606 muninus
