3204 5196
868 368 932 438 906

263 503 403 572 breviter
421 506 580 594 petiolatis
600 507 808 574 inferioribus
828 507 1021 576 triloliolatis
1040 507 1168 576 caeteris
1180 504 1402 584 uniloliolatis,
1427 503 1546 570 foliolis

264 593 406 662 minimis
432 595 714 680 ovato-oblongis
737 597 918 664 carnosulis
938 596 969 662 iii
991 617 1181 662 mucronem
1201 593 1392 672 attenuatis,
1427 592 1547 680 sepalis

263 682 429 769 puberiilis
449 684 561 766 oratis,
583 685 696 774 petalis
716 685 833 772 pallido
854 685 980 751 carneis
1000 686 1107 773 calyce
1127 684 1226 771 duplo
1245 681 1468 768 longioribus
1491 701 1545 768 pe·

262 769 404 838 dunciilo
436 793 570 840 recurvo
601 775 730 862 capsula
761 773 846 840 hirta
875 773 1097 854 siibbreriori,
1129 772 1308 840 seminibus
1339 770 1545 836 extremitate

264 859 436 928 radiculari
457 861 559 928 accitis
586 875 632 940 tt.
657 862 694 928 F.
715 862 873 928 ecliincllu
893 861 992 929 Boiss.
1016 862 1129 949 lliagn.
1151 860 1220 927 Ser.
1244 861 1269 944 l,
1289 859 1375 938 llll,
1396 879 1432 946 p.
1450 857 1528 924 123.

307 955 383 1014 Hab.
403 956 431 1014 iii
460 957 578 1016 deserto
598 957 780 1032 AEgyptiaoo
807 958 882 1016 inter
907 956 1051 1016 Kahiram
1078 963 1107 1015 et
1135 955 1210 1014 Suez
1240 963 1269 1013 et
1296 955 1414 1013 Arabia
1445 954 1548 1028 petrei

262 1043 339 1102 inter
354 1044 429 1104 Suco
448 1053 477 1104 et
494 1053 622 1106 montem
641 1047 720 1106 Sinai
737 1038 855 1119 (Boissl
870 1048 897 1124 ),
921 1048 951 1106 in
976 1048 1103 1106 desertis
1121 1046 1198 1104 inter
1215 1045 1332 1119 Aleppo
1361 1051 1391 1101 et
1422 1043 1547 1116 Bagdad

264 1131 392 1212 (Brugl)
410 1144 438 1193 et
456 1137 493 1194 ad
514 1137 696 1212 Babylonem
715 1135 821 1217 (duali.
845 1153 907 1198 exs.
934 1133 997 1199 801
1011 1136 1043 1214 l),
1062 1138 1091 1194 in
1111 1136 1238 1194 desertis
1261 1133 1374 1193 Persice
1406 1133 1548 1191 australis

264 1223 373 1296 (dccli.
394 1243 458 1286 ciis.
479 1223 591 1301 8021),
614 1234 642 1286 et
663 1227 817 1286 orientalis
838 1229 917 1286 cirea
941 1227 1024 1285 Yend
1049 1224 1204 1300 (Bulisel),
1226 1223 1390 1300 attgtianta
1410 1220 1547 1300 (crim).

263 1312 308 1371 ΡΙ.
328 1331 406 1373 vere.

306 1411 341 1494 β.
365 1410 452 1476 laem
483 1410 667 1478 internodia
696 1409 861 1496 longiora,
894 1410 995 1498 spinae
1022 1408 1217 1476 abbreviatae
1236 1407 1291 1475 sed
1318 1407 1398 1474 lolia
1420 1425 1550 1492 semper

264 1498 336 1584 plus
364 1499 472 1566 minus
498 1501 698 1566 excedentes
726 1497 991 1587 statimstatic
1018 1497 1118 1564 Boiss.
1145 1495 1257 1583 Diagn.
1286 1495 1358 1562 Ser.
1388 1495 1443 1576 ll,
1468 1493 1499 1571 l,
1519 1514 1548 1579 p.

262 1585 384 1740 Mlietb.
402 1683 430 1740 in
450 1683 593 1757 lapidosis
611 1683 720 1741 Persiae
738 1682 877 1740 australis
896 1699 989 1756 prope
1007 1680 1134 1741 Dalecbi
1154 1679 1215 1758 (Ky
1233 1697 1295 1738 exa.
1315 1667 1431 1753 lss8l).

307 1769 406 1844 Spinis
421 1772 607 1832 creberrime
623 1779 760 1848 patentes
783 1769 842 1834 bt
861 1772 956 1831 lineas
974 1771 1070 1845 longae
1088 1771 1136 1829 vel
1153 1770 1323 1842 breviores,
1344 1769 1443 1828 flores
1470 1768 1548 1841 parii

263 1857 328 1922 2-2
343 1855 388 1942 ¹l,
412 1863 506 1921 lineas
535 1863 631 1937 longi,
652 1862 753 1920 loliola
776 1859 835 1922 l·2
859 1862 954 1920 lineas
973 1861 1073 1934 longe.
1093 1860 1251 1934 Propertio
1277 1859 1422 1918 soliorum
1445 1855 1460 1916 l
1486 1855 1549 1917 et5

262 1950 463 2054 foliolatornm
480 1953 574 2010 variat
591 1952 644 2010 sed
662 1953 690 2010 iri
710 1951 776 2026 ipso
795 1952 958 2027 specimine
975 1949 1057 2010 berb.
1081 1969 1131 2010 no.
1150 1949 1167 2008 l·
1183 1950 1252 2009 lium
1271 1949 1488 2008 tritoliolatnin
1503 1947 1548 2006 ob

262 2057 510 2208 sergi-illicem.
537 2131 663 2190 Deserta
682 2131 812 2206 Atgertae
830 2131 990 2191 interioris.

262 2395 265 2402 ·
305 2362 348 2429 Ρ.
369 2362 684 2447 myrlacantha
704 2359 818 2446 (Boiss.
844 2360 956 2448 lliegn.
970 2361 1039 2427 Ser.
1056 2361 1081 2437 l,
1102 2358 1185 2438 Vlll,
1206 2379 1242 2456 P:
1255 2356 1334 2456 123)
1353 2356 1545 2456 parcissime

262 2449 450 2535 glandulosii
471 2449 587 2536 pallide
608 2449 735 2530 virenS,
761 2448 860 2516 ramis
884 2449 1054 2538 prostratis
1080 2445 1328 2526 ramosissimis
1352 2445 1546 2511 internodiis

262 2537 439 2623 elongatis,
466 2537 567 2626 spinis
594 2537 778 2626 patentibus
797 2538 938 2606 onerosis
958 2537 1033 2606 lolia
1053 2537 1153 2602 multo
1173 2533 1429 2622 superantibus,
1464 2533 1543 2601 soliis

260 2626 487 2694 subsessilibus
507 2625 601 2692 inser.
625 2626 816 2694 trifoliolatis
839 2647 948 2727 super.
979 2623 1200 2704 uniloliolatis,
1233 2621 1352 2690 foliolis
1384 2621 1543 2709 oblongo

261 2714 437 2781 linearibus
458 2714 698 2804 linearibusquc
718 2715 912 2782 intermedio
933 2715 1068 2804 majore,
1090 2713 1206 2800 sepalis
1225 2709 1464 2797 glabriusculis
1485 2713 1544 2778 lan

259 2804 390 2869 ceolotis
409 2804 503 2888 louge
524 2804 730 2886 acuminatis,
751 2803 864 2892 petalis
884 2805 999 2892 pallide
1019 2802 1147 2870 carneis
1166 2801 1272 2889 calyce
1286 2798 1393 2886 “2-⁰Z¹s,
1409 2801 1468 2886 plo
1481 2801 1544 2868 lon-

258 2891 418 2978 gioribus,
439 2893 622 2979 pediinculo
643 2913 778 2960 recurvo
797 2893 927 2980 capsuld
947 2887 1474 2976 brevitervelutintisublongiore
1501 2901 1542 2964 2.

258 2979 298 3046 F.
320 2978 504 3068 Scbimperi
524 2979 611 3048 Presl
631 2980 778 3048 Remerli.
802 3001 833 3069 p.
857 2979 912 3048 30.

305 3074 381 3134 Hab.
405 3077 434 3134 in
453 3075 580 3136 vallibus
591 3077 657 3153 jugi
675 3068 968 3160 Sinaitici(Sohimp.
986 3093 1050 3137 cxc.
1064 3071 1148 3135 25ἱὶ
1169 3076 1224 3134 sub
1241 3072 1272 3132 F.
1288 3071 1436 3133 Arabictt.
1455 3073 1544 3132 Aucti.

261 3181 325 3224 exs.
344 3155 428 3228 798!
451 3167 536 3226 Boiss
550 3163 579 3246 l).
597 3166 643 3225 Fi.
662 3184 739 3224 vere.

303 3256 428 3316 Accedit
441 3256 477 3314 ed
497 3255 711 3332 precedentem
727 3256 874 3314 mediante
888 3254 976 3330 liujus
988 3274 1049 3315 vai.
1063 3257 1145 3327 laed,
1157 3255 1210 3313 sed
1223 3255 1317 3328 spinae
1329 3259 1360 3312 et
1374 3254 1545 3313 internodia
1599 3269 1600 3280 ¹

256 3345 402 3422 longiora,
422 3346 523 3406 foliola
540 3353 569 3404 et
585 3347 687 3421 sepala
706 3345 834 3420 diversa,
853 3345 905 3404 illa
920 3341 987 3407 4-5
1006 3346 1100 3404 lineas
1117 3346 1217 3419 longa,
1236 3344 1325 3403 flores
1344 3343 1546 3419 submajoris
1598 3333 1600 3424 l

303 3585 346 3650 P.
367 3585 553 3653 Olivlerl
573 3597 642 3664 (nc.
675 3585 787 3652 Prodr.
814 3585 843 3666 l,
876 3607 908 3672 p.
933 3583 1011 3670 toti
1042 3584 1154 3651 viridis
1183 3585 1344 3671 glandulis
1377 3585 1547 3652 sessilibus

259 3673 331 3759 plus
344 3673 452 3739 minus
465 3673 630 3760 adspersa,
653 3673 897 3754 siillrutescens,
914 3673 1012 3740 ramis
1026 3674 1182 3758 elongatis
1199 3672 1328 3754 erectis,
1351 3672 1548 3742 internodiis

260 3760 436 3861 elongatis,
464 3761 565 3847 spinis
592 3762 776 3848 patentibus
796 3761 872 3828 lolia
899 3761 1188 3850 subsequentibus,
1210 3761 1293 3828 loliis
1314 3762 1548 3828 subsessilibus

260 3850 412 3916 omnibns
432 3849 643 3916 uniloliolatis
663 3851 1018 3937 oblongo-linearibus
1040 3850 1171 3936 rigidis,
1192 3849 1309 3938 sepalis
1328 3850 1476 3917 hirsutis
1496 3851 1547 3918 oli·

261 3938 602 4022 longo-lanceolatis,
636 3938 748 4026 petalis
779 3938 895 4027 pallide
922 3937 1049 4008 carneis
1074 3940 1180 4028 calyce
1207 3939 1304 4038 duplo
1325 3939 1545 4026 longioribus,

154 4113 158 4121 Ι
260 4026 442 4180 pet'lunculo
483 4047 615 4094 recurvo
653 4029 784 4116 capsula
820 4027 944 4094 hirsuta
980 4027 1148 4108 breviore,
1188 4025 1365 4094 seminibus
1401 4029 1548 4094 acutius·

261 4137 301 4181 cii
317 4137 345 4181 is
365 4127 393 4192 5.

306 4210 384 4271 Hab.
403 4210 431 4267 iii
458 4209 630 4270 Antilibano
655 4211 694 4270 ad
723 4209 806 4269 Souk
835 4209 933 4272 Ouadi
951 4211 1084 4271 Barrada
1114 4206 1266 4289 (Boissl)
1292 4215 1322 4268 et
1341 4210 1382 4269 ad
1412 4210 1549 4270 Doumai

262 4292 399 4384 (catut),
414 4299 443 4358 in
462 4299 549 4374 Syria
566 4302 630 4360 bor.
651 4301 689 4360 ad
706 4299 793 4360 Nisib
812 4298 942 4381 (Hausslr
953 4301 984 4379 !),
1003 4301 1080 4360 inter
1096 4300 1215 4376 Aleppo
1232 4307 1262 4360 et
1279 4299 1402 4374 Bagdsd
1414 4295 1509 4382 (Otii
1520 4299 1546 4378 ll,

261 4389 307 4450 Ill.
326 4397 389 4450 cast.
408 4390 539 4449 ineunte.

306 4478 411 4538 Floras
431 4479 532 4538 minuti
546 4479 649 4554 pallidi
665 4480 787 4539 duarum
803 4480 1031 4554 precedentium
1048 4481 1184 4556 aquibus
1202 4479 1298 4539 differt
1314 4480 1402 4538 ramis
1420 4485 1546 4554 erectis,

261 4569 339 4628 foliis
358 4586 476 4644 semper
492 4569 695 4648 uniloliolatis,
715 4570 825 4632 foliolis
838 4571 929 4632 inulto
949 4571 1112 4654 majoribus
1130 4567 1189 4634 7-8
1208 4571 1301 4632 lineas
1319 4569 1427 4648 longis.
