3276 5200
895 363 961 434 580

289 507 455 597 unguibus
474 505 671 576 subexserus
690 505 810 572 lamina
831 511 924 574 rosea
944 505 1132 591 obsorduit,
1155 511 1285 598 capsula
1298 511 1402 578 sessili
1415 516 1514 579 orata
1526 533 1575 580 ca·

287 599 388 688 lycem
409 597 605 664 distendenti
627 617 666 661 eo
686 594 908 675 sublimiori,
936 595 1117 662 seminibus
1137 600 1504 686 rugoso-tuberculatis
1525 610 1572 682 Θ.

332 708 407 766 Hab.
434 708 464 766 in
493 707 617 781 regione
646 707 789 764 montanai
813 703 917 780 Lydia
948 723 1042 782 propo
1067 705 1222 781 Smyrnam
1248 705 1369 791 (auch.
1392 728 1459 770 exs.
1493 709 1574 774 465!

286 797 413 874 Boissl),
428 797 559 872 Mesogis
574 814 665 872 supra
677 795 799 854 Tralles
818 793 963 874 (Boissl),
981 795 1090 854 Tmolo
1108 797 1147 856 ad
1159 798 1300 874 managu
1313 797 1431 878 (Ball),
1445 800 1575 877 Phrygii

285 885 526 1038 {pprlamOuchalr
552 881 672 968 (Ball),
701 883 896 960 Cappadocia
925 885 963 944 ad
991 885 1108 945 radices
1137 887 1238 964 Argaei
1267 889 1329 971 (Ky
1352 909 1417 952 aas.
1454 889 1573 970 1991).

329 1082 450 1144 Statura
466 1089 496 1142 et
517 1081 604 1142 flores
632 1099 730 1155 magn.
748 1077 779 1140 S.
804 1081 912 1140 eunuc
938 1079 992 1138 sed
1021 1080 1094 1140 tolia
1121 1081 1214 1141 mullo
1233 1084 1370 1144 acutiora
1395 1091 1428 1144 el
1456 1088 1575 1162 capsula

284 1171 388 1232 lormae
405 1173 542 1232 diverse.

328 1436 368 1504 S.
391 1433 607 1504 oonoldca
625 1431 673 1518 (L.
695 1430 748 1519 Sp.
772 1429 852 1516 598)
878 1431 1224 1520 pubescenti-viselle,
1256 1433 1385 1518 elatior,
1408 1433 1499 1502 loliis
1517 1435 1570 1502 oh-

284 1522 580 1608 longolanceolatis
600 1521 721 1601 acutis,
742 1521 879 1609 calyces
900 1519 968 1587 basi
989 1521 1177 1588 umbilieatei
1197 1523 1291 1610 longe
1312 1523 1428 1590 conioo
1450 1525 1492 1590 ad
1512 1535 1571 1590 ter·

284 1612 360 1680 tiam
392 1623 517 1701 partem
550 1611 582 1677 in
613 1610 726 1676 dentes
757 1609 1119 1676 lanceolato-suhulutos
1147 1611 1570 1699 partito,sn1ctilerobasi

282 1700 556 1788 globoso-inflato,
579 1697 743 1784 unguibus
763 1696 909 1780 inclusis,
931 1697 1051 1764 lamina
1070 1711 1168 1787 parui
1181 1701 1422 1768 toseaobovata
1444 1701 1566 1786 integre

283 1791 332 1857 vel
353 1789 672 1867 eroso-denticulata,
694 1807 730 1852 ca
755 1787 824 1852 sula
844 1785 946 1852 sessili
962 1787 1096 1873 globosa
1107 1787 1140 1854 in
1154 1789 1271 1855 collum
1285 1810 1331 1856 eae
1344 1790 1564 1878 aequilongum

283 1879 420 1967 abrupte
439 1877 570 1944 abeunti
593 1883 641 1954 Θ,
664 1807 767 1943 unul.
789 1873 845 1962 fig.
867 1873 955 1942 5062
977 1875 1095 1964 (petala
1115 1879 1253 1944 erronee
1271 1877 1399 1967 bifida).

327 1985 405 2044 Hab.
428 1984 457 2042 in
475 1983 562 2044 cultis
574 1987 654 2042 totus
672 1981 820 2040 Anatolite
833 1979 951 2058 (Boissl
969 1980 1089 2054 Bourg!
1107 1981 1204 2060 Ball),
1223 1981 1318 2058 Syriae
1330 1983 1368 2044 ad
1384 1983 1563 2044 Damascum

282 2069 406 2156 (Gailll)
428 2079 457 2133 ct
476 2074 505 2131 in
523 2072 638 2132 Libano
657 2067 750 2150 (Bll),
770 2069 872 2130 ludere
885 2069 1017 2150 (Boissl),
1036 2071 1066 2128 in
1082 2070 1157 2148 Jugo
1176 2071 1319 2132 Sinaitico
1336 2071 1485 2152 (Schimp.
1504 2091 1560 2133 ess.

285 2161 346 2227 tat
363 2167 369 2224 l
405 2164 499 2224 forma
529 2161 773 2240 depauperata),
792 2159 935 2219 Armenia
953 2157 1067 2241 (Bourg
1079 2163 1085 2217 !
1098 2168 1121 2237 ),
1147 2161 1387 2223 Transcaucasii
1411 2160 1560 2246 (Saowl),

283 2255 389 2316 Persia
405 2256 470 2315 bor.
491 2262 522 2312 ct
538 2252 662 2313 australi
684 2251 761 2330 (Kyl
781 2245 924 2330 Bungel),
941 2250 1102 2326 Affgnantn
1118 2241 1252 2330 (Grtffl).
1270 2251 1318 2312 ul.
1334 2271 1417 2316 vere.

325 2359 550 2418 Inlloresccntia
566 2355 736 2416 dichotoma
753 2354 884 2414 breviter
907 2355 1103 2431 corymbosa,
1122 2353 1270 2415 interdum
1288 2373 1360 2416 axes
1387 2355 1558 2418 secundarii

281 2450 349 2525 plns
366 2448 463 2508 minus
480 2447 610 2516 elongati
630 2443 786 2504 racemosi.

324 2550 359 2632 β.
382 2545 562 2612 obsurdatos.
597 2541 729 2609 Lamina
760 2539 863 2627 major
888 2539 1074 2607 obeordata.
1109 2540 1144 2608 S.
1174 2542 1405 2630 cylindrilloru
1431 2543 1505 2612 Otth
1527 2543 1555 2608 in

280 2657 332 2704 nc.
358 2635 469 2702 Prodr.
493 2634 519 2716 l,
540 2653 572 2720 p.
594 2629 671 2699 371.
696 2629 732 2697 S.
755 2630 861 2696 diolco
879 2629 915 2696 F.
939 2639 971 2695 et
990 2629 1029 2694 ll.
1046 2629 1116 2696 lnd.
1132 2629 1259 2718 Petrop.
1276 2630 1345 2714 Vll,
1359 2653 1391 2720 p.
1408 2632 1465 2700 56.
1482 2632 1554 2720 (Ego

278 2746 350 2792 eam
371 2743 500 2811 semper
518 2717 817 2808 hermaphroditum
838 2717 926 2806 vidi).

325 2833 402 2892 Hah.
422 2831 451 2889 in
480 2829 567 2890 cultis
592 2827 743 2902 argillosis
765 2827 845 2886 circa
863 2826 981 2902 Aleppo
1000 2820 1112 2907 (Auch.
1134 2843 1196 2885 exa.
1216 2819 1302 2889 tot!
1324 2827 1374 2906 Κ]
1401 2847 1467 2890 exs.
1494 2827 1553 2891 551

280 2921 402 2982 Hausslr
413 2923 445 3001 !),
463 2921 501 2980 atl
518 2919 603 2978 Edon
618 2917 724 2978 Libani
744 2915 950 2994 (Rcygassel)‚
971 2915 1000 2974 in
1013 2915 1186 2976 Antilibano
1207 2913 1333 2998 (Gaillll.

319 3051 351 3113 y.
372 3016 579 3105 putrescens.
605 3012 684 3079 'lota
702 3009 798 3077 etiam
819 3009 858 3078 ad
879 3011 1002 3100 calyces
1021 3010 1144 3097 glabra.
1169 3011 1321 3080 Rostrum
1340 3015 1483 3102 capsulae
1501 3013 1549 3078 ab·

274 3107 467 3174 breviatum.

319 3215 396 3274 Hab.
412 3211 442 3270 in
459 3209 652 3286 Cappadocia
667 3205 704 3266 ad
723 3203 889 3264 Oaesaream
906 3193 1022 3284 (Ball).

319 3311 376 3374 Ar.
401 3319 524 3389 (iacgr.
550 3309 703 3386 Hispania,
720 3306 819 3366 Gallia
834 3305 983 3382 australis,
1004 3305 1088 3364 ludia
1104 3307 1168 3366 bor.
1187 3308 1400 3370 occidentalis.

699 3553 717 3589 l
741 3553 759 3589 a
783 3553 801 3589 l
824 3553 920 3631 Galyx
938 3553 984 3617 60
999 3555 1128 3615 nervius,

314 3770 354 3840 S.
366 3763 660 3837 macrodonta
679 3761 795 3850 (Boiss.
823 3759 937 3848 Diagn.
952 3759 1021 3828 Ser.
1037 3763 1063 3846 l,
1087 3765 1111 3846 l,
1133 3785 1165 3852 p.
1180 3761 1237 3853 37)
1258 3763 1400 3832 breviter
1412 3765 1540 3832 etdeuse

269 3857 601 3926 velutlno-eaneseens
621 3871 760 3940 superne
779 3849 918 3932 vlsoida,
950 3851 1034 3918 soliis
1065 3851 1184 3920 inlimis
1215 3851 1539 3940 oblongo-linearibus

269 3945 392 4015 caeteris
411 3943 588 4011 linearibus
607 3939 722 4021 neruis,
744 3939 850 4027 calyce
871 3960 889 4006 a
909 3939 976 4007 basi
997 3940 1207 4008 subtruneattl
1228 3939 1537 4033 angustecyliudrico

268 4038 309 4104 ad
329 4035 471 4102 medium
497 4031 529 4098 in
555 4032 667 4098 dentes
693 4049 710 4095 e
730 4027 799 4094 basi
825 4028 1001 4096 lanceolata
1021 4030 1115 4116 longe
1134 4031 1300 4098 subulatos
1319 4031 1453 4099 demum
1472 4025 1537 4112 rigi·

267 4126 361 4192 dulos
374 4123 581 4211 subpatemes
595 4118 725 4207 partito,
747 4116 914 4183 lmtctilero
926 4117 1066 4204 oblongo
1079 4117 1169 4206 apice
1187 4130 1364 4201 attenuato,
1386 4117 1536 4206 unguibus

266 4213 400 4282 inclusis
420 4210 540 4278 lamina
561 4213 652 4275 rosea
672 4205 860 4288 obcoroata,
881 4207 1012 4294 capsula
1032 4206 1221 4274 brevissime
1242 4208 1383 4295 stipitaul
1395 4210 1534 4290 oblongo

267 4301 379 4370 corriel
399 4301 542 4388 calpeem
563 4302 601 4364 eal
614 4295 793 4382 longiorem
808 4292 1024 4370 distendente,
1039 4295 1219 4363 seminibus
1231 4297 1432 4366 acutiuscula
1446 4295 1537 4364 luher-

265 4391 380 4459 culatis
403 4399 454 4469 Θ.
477 4387 513 4453 8.
536 4383 816 4474 psammutoealpu
837 4381 932 4450 Fenal
953 4381 986 4450 ln
1006 4383 1052 4474 ily
1073 4386 1115 4472 pl.
1137 4406 1203 4452 exs.
1226 4383 1326 4454 1843.

310 4499 387 4558 Hab.
407 4499 436 4556 in
456 4495 543 4555 cultis
560 4493 714 4565 Anatoliac,
732 4490 873 4566 Bithynia
884 4491 923 4550 ad
940 4491 1075 4552 Modurlu
1095 4487 1222 4574 (Pasti),
1241 4491 1331 4552 (laria
1348 4495 1387 4554 ad
1404 4493 1533 4572 (lybiram

152 4653 157 4660 ,
265 4576 414 4669 (Boissl),
433 4585 526 4661 Lycia
542 4579 663 4665 (Bourg.
683 4598 746 4642 aas.
764 4577 854 4659 ott),
877 4579 982 4641 (illicia
998 4581 1036 4640 ad
1051 4580 1150 4642 Gulslr
1167 4577 1279 4664 (Ball),
1299 4583 1470 4660 cypresso
1488 4585 1533 4644 ut·
