3230 5190
684 403 751 474 935

60 524 192 613 calyeis
211 528 313 613 glabri
335 531 382 595 vel
403 528 609 617 pubescentis
629 533 667 598 ad
688 531 831 598 modium
851 532 949 599 lobati
971 530 1053 599 lobis
1084 530 1226 597 breviter
1258 531 1343 598 trian

58 614 242 698 gularibus
273 617 413 698 obtusis,
442 618 555 706 petalis
586 619 708 706 glabris
739 619 875 708 abrupte
905 631 935 687 et
965 619 1109 686 breviter
1139 619 1357 706 unguiculatis

58 701 377 789 elliptico-oblongis
396 706 534 789 obtusis,
556 707 728 775 filamenlis
748 708 985 796 eglandulosis,
1008 708 1109 774 orarii
1130 707 1236 794 glabri
1257 709 1357 775 dense

58 789 253 889 glandulosi
274 794 355 861 lobis
376 795 542 862 corniculo
563 797 675 864 conico
696 808 790 864 acuto
818 798 923 864 loculo
951 797 1001 864 vix
1027 797 1176 864 breviore
1201 797 1356 864 termina-

61 887 103 944 lrs
136 892 188 956 ᾙ.

109 987 193 1049 Hab.
210 990 241 1048 in
267 989 393 1051 collibus
408 991 544 1051 arenosis
563 992 600 1050 ad
627 994 704 1052 latus
730 993 875 1053 orientale
900 992 990 1052 maris
1013 991 1115 1070 Caspii
1142 987 1287 1074 (Karai.)
1300 1040 1307 1070 ‚
1325 995 1356 1056 ia

59 1073 273 1138 Turkeslanid
289 1081 402 1140 boreali
422 1079 527 1162 (chm
539 1079 572 1158 l).

107 1175 237 1252 Species
256 1180 478 1240 indurescentia
495 1182 647 1240 laxissimia
665 1188 693 1241 et
719 1183 798 1243 loliis
820 1200 925 1257 grosse
948 1183 1288 1258 enecato-glandulosis
1311 1183 1355 1242 in·

59 1265 173 1342 signis,
196 1270 284 1346 calyx
302 1275 331 1329 et
347 1272 448 1346 petala
467 1271 617 1348 glandulis
629 1273 733 1346 paucis
745 1273 862 1348 magnis
880 1271 988 1346 obsita,
1005 1273 1127 1348 capsula
1146 1273 1211 1348 piso
1229 1273 1353 1332 dimidio

59 1355 165 1416 minor
188 1360 346 1421 corniculis
364 1361 402 1420 ad
423 1361 538 1420 initium
558 1366 668 1421 suturae
684 1363 835 1422 brevibus.

39 1618 46 1625 .
105 1565 162 1632 Η.
193 1567 433 1636 robustum
466 1567 590 1652 (rung-u
612 1569 653 1655 pl.
679 1568 790 1635 Lebm.
812 1591 845 1657 p.
869 1567 948 1654 tta)
970 1569 1110 1637 breviter
1137 1581 1169 1636 et
1198 1570 1350 1637 densius-

59 1654 136 1720 cule
166 1655 364 1742 pubescenS,
390 1656 551 1741 glandulis
575 1655 683 1722 medio
711 1657 872 1745 depressis
903 1658 1101 1724 creberrime
1132 1658 1350 1726 tuberculato-

59 1741 238 1824 scabrum,
260 1745 352 1810 caule
373 1744 507 1811 robusto
538 1745 620 1811 elato
650 1767 747 1834 parce
775 1767 922 1828 ramoso,
948 1746 1032 1814 loliis
1052 1747 1198 1814 carnosis
1228 1745 1347 1836 petiole

60 1851 177 1898 crasso
197 1831 334 1898 sullultis
354 1833 415 1899 late
443 1833 587 1899 obovads
608 1833 832 1922 superioribus
852 1834 1016 1922 oblongis,
1039 1836 1139 1924 eymis
1164 1835 1348 1905 multilloris

59 1919 166 1986 dense
187 1920 400 2009 corymbosis‚
421 1921 537 2007 aalydis
558 1923 716 2008 prolunde
736 1923 843 2011 partiti
870 1924 1076 2011 pubescentis
1102 1923 1227 1990 laciniis
1247 1925 1346 1992 ovetis

61 2007 310 2090 obtusiusculis,
331 2009 446 2097 petalis
465 2010 747 2091 lineari-oblongis
767 2011 890 2078 obtusis
909 2013 1006 2079 dorso
1024 2013 1288 2100 pubescentibus,
1308 2013 1347 2080 sr-

61 2095 218 2164 lamentis
237 2097 317 2164 lacie
339 2097 485 2167 interiori
507 2098 602 2166 birtis
626 2099 840 2166 exterioribus
867 2099 1109 2189 abruptiuscule
1135 2101 1347 2170 interioribus

63 2185 188 2252 sensim
208 2185 276 2252 basi
297 2185 451 2271 dilatatis,
473 2188 571 2255 orarii
594 2187 713 2254 birtelli
735 2188 834 2275 gibbo
854 2199 947 2256 ovalo
968 2189 1058 2257 brevi
1078 2198 1122 2264 lt.

107 2291 189 2351 Hab.
213 2291 243 2350 in
271 2291 398 2352 desertis
422 2293 573 2366 argillosis
591 2293 800 2353 ankestanlae
818 2287 930 2378 (Lehm
943 2286 951 2352 l
963 2290 991 2374 l,
1013 2295 1043 2353 in
1063 2311 1147 2369 prov.
1164 2293 1340 2356 Khorassan

63 2379 178 2440 Persian
194 2382 270 2441 inter
287 2381 442 2458 Schahrud
460 2389 489 2441 et
506 2382 677 2458 Niscbapur
694 2385 769 2454 (Bge
780 2371 818 2466 l).

108 2477 145 2560 β.
170 2475 304 2543 Bubsci.
327 2475 506 2544 Filarnenta
526 2488 557 2544 et
576 2479 680 2566 petala
699 2478 823 2564 glabra.

110 2582 189 2642 Hab.
210 2583 238 2640 lu
258 2583 361 2641 Persii
379 2584 444 2643 bor.
460 2583 598 2642 orientali
617 2585 698 2644 circa
713 2583 842 2642 Semnan
859 2582 970 2662 (Buhse
983 2581 990 2643 !
1003 2578 1025 2664 ).

116 2681 219 2742 caulis
238 2699 356 2743 crassus
385 2683 621 2760 sesquipedalis,
640 2683 778 2743 loliorum
799 2683 945 2759 majorum
974 2684 1084 2743 lamina
1112 2683 1127 2745 l
1150 2679 1249 2768 ¹12·ss
1266 2688 1354 2762 poll.·

63 2773 155 2849 longa
175 2773 312 2848 pollicem
330 2773 400 2848 lata,
420 2775 578 2850 corymbos
597 2773 729 2834 fructifer
747 2774 838 2833 diam.
859 2773 1005 2835 interdum
1020 2770 1079 2836 att
1097 2777 1270 2852 polliceris,
1287 2794 1344 2852 pe-

63 2863 125 2966 tala
142 2858 187 2922 2¹
192 2858 233 2966 lg·
243 2863 336 2966 lineas
347 2863 446 2938 longa,
468 2861 720 2939 capsuladlam.tl
734 2858 774 2945 Ἰ,
794 2864 848 2923 lin.
869 2864 930 2923 lata
945 2861 1044 2942 gibbis
1062 2865 1101 2924 ad
1118 2873 1227 2926 suturae
1245 2872 1341 2926 ortum

64 2969 113 3010 vix
130 2970 309 3029 perspicuis.

436 3166 469 3226 b.
497 3169 663 3227 Filamenla
682 3169 747 3230 basi
765 3167 972 3242 monadelpbu.

109 3353 160 3419 H.
190 3353 438 3420 versicolor
457 3353 588 3438 (Bunge
609 3353 641 3417 in
666 3353 774 3418 hebro.
797 3372 829 3439 p.
852 3349 917 3416 ο,ὶίιὸ
938 3371 1003 3416 non
1023 3349 1059 3415 F.
1082 3358 1114 3415 et
1134 3347 1192 3436 bl.)
1212 3350 1340 3436 glaber-

65 3441 186 3507 rirnum
206 3439 449 3507 llavido-virrns
469 3440 668 3507 creberrime
687 3439 848 3526 glandulis
867 3438 970 3539 nigris
990 3438 1245 3519 tuberculatum,
1270 3459 1343 3505 cau-

65 3529 151 3596 libus
181 3528 430 3596 ascendentibus
463 3529 616 3608 ramosis,
643 3529 727 3595 loliis
752 3530 931 3594 carnosulrs
951 3525 1111 3614 petiolatis
1130 3527 1275 3595 obovalis
1294 3529 1343 3595 vel

66 3615 214 3704 oblongis
225 3617 362 3697 obtusis,
376 3639 475 3705 cymae
489 3617 671 3684 rnultillorae
685 3615 990 3696 rarnisdivaricatiS‚
1001 3615 1108 3714 calyce
1121 3635 1218 3701 parvo
1230 3617 1343 3702 glabro

66 3705 378 3794 nigroglanduloso
398 3707 436 3772 ad
458 3705 600 3772 inedium
623 3707 729 3772 lobato
750 3704 833 3772 lobis
858 3705 959 3770 oratis
978 3703 1208 3786 acutiusculis,
1229 3705 1343 3792 petalis

65 3795 186 3879 glabris
206 3795 300 3882 nigro
308 3794 480 3893 punctalis
500 3794 641 3860 breviter
661 3805 692 3861 el
711 3793 848 3881 abrupte
867 3791 1084 3880 unguiculatis
1097 3791 1258 3879 oblongis,
1272 3793 1342 3861 fila-

67 3883 185 3951 mentis
214 3885 252 3950 ad
281 3903 404 3970 apicem
432 3882 532 3970 partis
558 3881 698 3950 dilatatae
717 3879 908 3970 penicillatis
926 3877 1152 3967 glandulisque
1171 3881 1257 3947 binis
1276 3881 1343 3948 ins-

68 3971 193 4055 tructis,
221 3971 321 4039 orarii
352 3971 457 4057 glabri
487 3970 740 4059 nigro-punctari
760 3969 866 4058 gibbis
896 3967 1048 4036 brevibus
1067 3969 1201 4036 laevibus
1221 3969 1343 4037 bernis·

89 4059 216 4129 baericis
241 4069 286 4134 li.

68 4080 87 4147 p
111 4156 187 4215 Hab.
205 4157 234 4214 in
253 4157 346 4214 arens
364 4155 465 4215 mobili
482 4154 690 4214 Turkostaniaa
709 4149 860 4234 (chmll,
877 4154 907 4211 in
925 4170 1010 4228 prov.
1034 4151 1210 4212 Kborassan
1234 4153 1344 4213 Persiae

69 4243 142 4303 inter
159 4245 312 4304 Schabrud
331 4251 357 4302 et
378 4243 547 4319 Nisclrapur
565 4240 680 4323 (ssgell.
823 4236 825 4240 ’

112 4335 218 4394 (lanies
235 4335 336 4410 plures
360 4331 417 4394 Μ
435 4335 574 4410 pedales,
593 4334 665 4392 folia
684 4333 798 4408 majora
827 4349 892 4392 cum
908 4329 1019 4408 potiolo
1038 4332 1194 4407 pollicaria
1211 4329 1233 4394 5
1251 4333 1345 4392 lineas

70 4423 136 4500 lata,
156 4425 314 4500 corymbos
333 4431 502 4484 coarctatus
518 4425 564 4482 vol
586 4425 696 4482 effusus
721 4423 810 4482 diam.
828 4419 887 4484 5-4
903 4423 1065 4497 pollicaris,
1083 4421 1183 4497 petala
1205 4419 1228 4483 2
1252 4424 1346 4482 lineos

70 4512 166 4591 lunga,
186 4516 308 4590 capsula
325 4515 612 4586 nigro-tuberculum
628 4511 650 4574 2
668 4514 759 4571 lineas
776 4512 864 4572 diam.
885 4514 942 4570 lata
962 4513 1061 4586 gibbis
1072 4513 1109 4570 ad
1129 4517 1237 4572 suturae
1250 4518 1345 4572 ortum

71 4603 220 4664 obsoletis.
