3276 5200
855 343 919 414 578

656 615 681 702 ς.
704 611 736 680 l.
764 614 1117 702 Gonotmorphae.

712 817 730 854 ἓ
755 818 849 896 Oalyx
867 815 913 880 20
934 819 1063 878 nervius.

289 1029 329 1098 S.
342 1028 561 1098 conlssora
580 1026 665 1114 (Orth
689 1027 722 1093 in
743 1045 794 1094 nc.
812 1025 925 1092 Prodr
951 1023 975 1104 l,
998 1045 1028 1112 p.
1045 1020 1123 1110 371)
1145 1022 1287 1090 breviter
1307 1034 1338 1090 et
1358 1023 1459 1090 dense
1475 1023 1543 1090 ris·
1633 1025 1635 1096 Ξ

244 1117 531 1218 cuso-pubescens,
554 1115 700 1198 humilis
721 1113 805 1182 loliis
825 1111 1002 1199 gramineis
1023 1111 1338 1178 lineari-lanceolatis
1351 1122 1543 1179 attenuatu-

246 1205 452 1288 acuminatis,
473 1207 580 1293 calyce
601 1203 705 1271 abasi
728 1203 914 1270 umbilicati
935 1200 1304 1290 cylindrico-obccnicn
1330 1200 1370 1266 ad
1399 1200 1540 1268 tertiam
1633 1195 1635 1276 ᾗ

244 1307 369 1386 partem
390 1295 422 1360 in
442 1295 555 1360 dentes
574 1295 782 1372 lanceolam,
803 1290 921 1379 partito
940 1289 1107 1357 fructilern
1134 1290 1393 1374 ovain-oblongo
1414 1289 1542 1356 subin·
1626 1279 1635 1368 „l

244 1386 333 1467 llam,
357 1383 474 1450 luminu
497 1387 587 1449 rosel
609 1383 656 1448 vel
677 1381 782 1448 albida
795 1380 1084 1446 eborata-cuneata
1097 1378 1236 1466 integra,
1258 1399 1388 1445 cornnae
1403 1379 1541 1446 laciniis
1633 1373 1635 1388 '

243 1471 418 1558 elongata,
448 1473 578 1559 capsula
599 1470 701 1538 sessili
722 1468 993 1555 oblongo-conica
1013 1469 1155 1556 calycem
1177 1466 1398 1568 subaeqnanti‚
1430 1469 1540 1533 semi-

242 1561 338 1629 nibus
360 1561 481 1626 minute
502 1559 664 1646 rugulosis
687 1569 737 1638 Θ.
772 1559 808 1625 S.
834 1555 1055 1644 cccrpcpborc
1082 1555 1207 1623 Griseb.
1232 1555 1316 1643 Sprc.
1339 1555 1365 1638 1,
1386 1577 1421 1642 p.
1444 1555 1537 1623 172!

242 1649 276 1716 S.
293 1649 450 1736 Molnpicc
471 1647 565 1714 Fenzl
585 1647 618 1714 in
640 1648 686 1737 tiy
707 1648 750 1736 pl.
773 1668 838 1713 eus.
861 1643 959 1713 1843.

286 1757 363 1816 Hab.
382 1757 411 1814 in
436 1755 523 1814 cultis
539 1753 633 1830 Syriae
652 1755 691 1814 ad
707 1755 825 1829 Alcppn
842 1753 950 1830 (Aucb.
970 1769 1032 1812 eus.
1050 1749 1137 1815 465!
1159 1752 1209 1827 Ky
1226 1769 1289 1810 exs.
1308 1749 1370 1814 651
1391 1761 1421 1810 et
1434 1747 1485 1814 95
1499 1748 1534 1832 l).

242 1847 281 1905 ad
306 1845 444 1904 Hbarran
464 1839 655 1928 (Hausskl),
672 1845 710 1904 ad
729 1843 908 1904 Damascum
927 1841 1077 1923 (Gellii),
1095 1845 1171 1902 inter
1188 1841 1284 1900 Hams
1302 1849 1332 1902 et
1352 1842 1535 1918 Palmyram

243 1933 329 2017 (Bit),
350 1935 515 1994 Palaestina
532 1934 570 1994 ad
599 1923 880 2006 restaurasset),
898 1933 1123 2008 Mesopotamiae
1141 1929 1289 2011 (Olivierl
1304 1926 1336 2015 )‚
1356 1931 1471 1991 Persis
1491 1934 1535 1992 ad

241 2026 381 2086 Teheran
400 2032 429 2083 et
448 2017 631 2098 Persepolim
649 2023 711 2101 (Ky
731 2041 793 2083 exs.
811 2021 854 2086 5⁷
866 2023 896 2098 l),
915 2023 954 2082 ud
971 2021 1150 2084 Ssertsnbuh
1168 2019 1331 2103 [Bangeli.
1353 2021 1399 2080 Pl.
1420 2039 1508 2082 vere.

285 2129 394 2188 Planta
411 2123 475 2188 5-6
493 2127 655 2202 polliceris,
676 2125 748 2186 lolia
764 2127 808 2184 eis
825 2125 855 2186 S.
874 2127 984 2186 conica
1001 2125 1174 2201 angustiora
1192 2131 1222 2183 et
1239 2125 1326 2198 apice
1343 2125 1433 2184 valde
1451 2131 1533 2184 atte-

242 2225 353 2294 nuata,
380 2216 601 2278 inflorescentia
626 2216 757 2276 breviter
781 2217 971 2292 corymbum.
996 2215 1126 2291 Gapsnla
1144 2217 1181 2275 eti
1197 2213 1231 2274 S.
1257 2216 1367 2276 ccamoe
1384 2215 1483 2274 minor
1502 2221 1536 2275 et

243 2309 399 2384 angustior
417 2304 439 2368 li
456 2307 510 2366 lin.
526 2307 627 2381 longa.

684 2565 702 2601 ⁴*
724 2565 742 2601 ⁴*
769 2566 865 2641 (lulyx
884 2563 1082 2628 consevius.

561 2774 582 2846 †
607 2769 736 2846 (lapsula
753 2771 970 2832 ovato-conica
987 2771 1034 2830 rel
1056 2770 1196 2844 oblonga.

282 2956 322 3025 S.
335 2955 490 3024 conica
508 2953 555 3038 (t.
578 2952 631 3040 Sp.
654 2951 734 3038 598)
756 2952 897 3020 breuiter
917 2973 1105 3034 canescens,
1129 2953 1272 3034 bumilis,
1288 2953 1374 3020 loliis
1389 2955 1526 3021 lineari-

239 3043 423 3112 lanceoiatis
443 3042 558 3124 acutis,
579 3043 685 3196 calgcc
706 3063 723 3107 e
745 3041 812 3108 basi
826 3041 1014 3108 umbilicatal
1026 3042 1140 3109 ennicn
1153 3042 1186 3109 in
1200 3042 1313 3108 dentes
1329 3043 1528 3110 lanceolatns

239 3133 406 3200 subulains
426 3132 493 3198 lere
513 3130 552 3197 ad
573 3150 624 3196 mc
648 3130 715 3196 ium
735 3131 867 3218 partite,
889 3129 1056 3197 lructilcrn
1076 3129 1187 3198 inssato
1206 3130 1442 3214 nvatecnnicn,
1464 3153 1527 3199 un·

239 3222 358 3310 guibus
378 3219 511 3286 inclusis
530 3217 659 3286 laminis
682 3217 824 3286 minimis
852 3217 987 3302 retusis,
1013 3222 1142 3307 capsulal
1169 3219 1271 3286 sessili
1299 3221 1525 3288 ovain-conica

240 3311 346 3400 calyce
366 3307 587 3388 subbreviori‚
616 3305 795 3374 seminibus
821 3306 944 3374 minute
966 3306 1176 3376 tuberculatis
1200 3317 1251 3389 Θ.
1282 3307 1324 3373 lc.
1349 3308 1397 3375 Pl.
1420 3307 1523 3376 Graec.

240 3399 305 3466 tab.
328 3396 406 3465 ΗΒ.
429 3395 530 3463 ilchb.
545 3396 600 3482 fig.
616 3393 714 3462 iiiiii.

285 3507 362 3566 Hsb.
389 3506 419 3564 in
444 3504 532 3564 cultis
560 3503 706 3563 montanis
724 3501 820 3562 crete
844 3501 952 3580 (Sibtlr.
971 3501 1106 3580 Heluii),
1125 3503 1236 3566 Attica
1250 3477 1388 3586 isari-l),
1405 3506 1527 3567 Baentiae

241 3596 271 3654 in
289 3601 389 3654 monte
405 3592 502 3655 Onion
522 3587 671 3675 (Heldrl),
688 3592 824 3652 Thracia
841 3587 1005 3676 (Grisebl),
1024 3593 1170 3670 Bithynia
1190 3594 1319 3674 (Thirke
1334 3592 1372 3670 l),
1391 3597 1525 3672 Smyrna

243 3673 362 3768 (eall),
385 3683 504 3744 Tauria
523 3672 646 3764 (sicul),
665 3699 749 3758 prov.
769 3681 1092 3742 Transcaucasicarum
1109 3681 1274 3762 (Mill).

287 3783 512 3844 Infloresucntia
527 3784 659 3844 breviter
677 3781 913 3857 corymbosavsl
930 3783 1037 3842 abortu
1055 3782 1178 3846 alterius
1196 3803 1233 3846 ex
1250 3788 1359 3846 axibus
1376 3787 1524 3848 secunda·

243 3876 294 3936 riis
309 3874 525 3936 nullalereliter
540 3873 666 3948 spicata,
683 3871 730 3932 vel
746 3871 881 3931 uniilora.

286 3971 344 4036 Ar.
368 3972 492 4052 Geugr.
517 3974 640 4048 Europa
655 3971 752 4031 media
768 3980 798 4030 ei
815 3973 966 4044 annualis,
986 3971 1089 4033 Africa
1106 3975 1251 4036 borealis.

287 4209 327 4280 S.
351 4208 542 4278 sartorfl
567 4207 686 4294 (Boiss.
710 4219 741 4274 et
761 4207 872 4276 Heldr.
895 4208 1008 4296 Diagn.
1031 4209 1100 4276 Ser.
1125 4211 1166 4294 ll,
1187 4211 1224 4294 V,
1246 4232 1278 4300 p.
1301 4209 1363 4298 53>
1383 4211 1526 4281 breuiter

244 4309 275 4366 et
294 4299 446 4386 adpresse
467 4297 815 4364 relntinn-canescens
839 4318 978 4385 superne
1002 4298 1178 4382 viscidula‚
1205 4299 1352 4367 caulibus
1372 4301 1541 4374 brevibus.

243 4387 412 4477 prostratis
432 4385 522 4474 apice
542 4385 733 4474 corymbose
752 4385 812 4452 t-5
832 4385 935 4462 boris,
957 4386 1040 4454 loliis
1053 4389 1234 4456 carnosulis
1246 4389 1446 4459 radicalibus
1459 4413 1526 4480 spa·

244 4477 374 4543 thulatis
399 4473 536 4542 caulinis
566 4473 706 4540 breviter
735 4474 1084 4560 oblongo-linearibus
1113 4478 1265 4544 omnibus
1292 4479 1523 4562 obtusissimis,

243 4568 347 4654 calyce
368 4589 384 4630 e
405 4563 472 4630 basi
493 4559 739 4630 subumbilicum
760 4563 936 4652 cylindricn
960 4566 1000 4632 ari
1019 4577 1167 4654 quartam
1188 4568 1366 4654 partemin
1388 4569 1522 4636 lacinias
