3156 5176
643 340 706 414 257

55 543 131 608 Sacr.
159 541 180 606 Ι.
208 539 389 610 Eurrnrau.
416 583 460 596 —
486 542 592 630 Calpe
628 545 814 611 bisasaatas.
850 543 1033 612 Filaraeata
1062 547 1189 612 minora
1222 547 1315 614 derata

257 639 353 697 aaata
373 632 544 698 rarissime
565 633 731 700 edaatala.
761 633 895 700 Semina
919 635 984 702 late
1001 635 1102 702 alata.

402 802 421 838 Ι
444 804 550 863 Floras
575 805 657 864 lutei.
680 803 942 866 Sitioulasessilis.

419 975 439 1050 †
462 976 626 1037 Herbaoeae
643 978 690 1037 vel
708 979 774 1040 basi
791 979 943 1038 induratae.

3 1183 4 1192 ,
89 1123 126 1190 Ρ.
147 1125 353 1211 clypeata
373 1124 422 1210 (L.
444 1123 498 1212 Sp.
520 1123 587 1194 909
606 1125 666 1191 sub
687 1124 815 1210 Alysso)
846 1124 930 1192 soliis
954 1123 1149 1191 radicalibus
1169 1124 1316 1212 oblongis

3 1229 5 1288 t
56 1211 188 1298 repandis
208 1214 255 1278 rel
277 1213 413 1300 integris
433 1213 466 1280 in
485 1214 644 1301 petiolum
664 1213 851 1296 attenuatis
873 1213 1009 1280 caulinis
1029 1212 1317 1299 oldongo-Iinaari-

56 1299 103 1364 bus
120 1301 249 1384 strictis,
271 1301 404 1369 sitiealis
426 1301 576 1390 elliptieis
595 1301 681 1390 pube
702 1303 827 1368 stellata
847 1302 946 1372 dense
969 1312 1000 1368 et
1019 1301 1161 1368 breuiter
1179 1302 1314 1390 asperis,

56 1389 119 1487 sipla
137 1400 284 1476 quartam
306 1390 439 1466 sitiente
459 1389 539 1458 latit.
563 1401 689 1476 partera
708 1390 864 1478 aequanti,
886 1390 999 1458 loculis
1019 1389 1315 1480 subhexaspermis,

55 1477 101 1542 abs
118 1478 238 1544 semine
258 1478 503 1565 angustioribus
529 1490 576 1555 at.
600 1477 750 1554 Farsetia
764 1479 911 1566 clypeata
931 1480 973 1546 R..
986 1479 1038 1546 Br.
1055 1477 1143 1546 Kese.
1163 1479 1199 1560 le,
1212 1501 1243 1568 p.
1259 1478 1313 1546 96.

55 1563 305 1634 deaurabit.
328 1567 396 1634 Bot.
420 1567 502 1654 Mag.
527 1566 590 1634 tab.
614 1565 701 1633 3087
723 1567 783 1634 sub
811 1566 849 1633 F.
877 1567 1073 1634 lauarioide.
1103 1566 1140 1633 F.
1167 1568 1316 1635 cleiran-

55 1652 167 1740 tiisolia
187 1655 279 1722 besu.
302 1655 416 1723 lourn.
434 1655 492 1738 111,
512 1675 544 1742 p.
561 1652 639 1722 173.
662 1655 819 1742 Alpssam
832 1655 1140 1742 cheiraatlifoliara
1159 1656 1269 1723 Willd.

85 1759 157 1821 Hab.
175 1763 205 1820 in
222 1765 408 1838 rnpeatribae
425 1765 570 1823 montanis
591 1763 681 1822 totius
699 1761 824 1823 araas
844 1761 956 1842 (Boiaet
979 1764 1083 1826 Heldr.
1111 1763 1156 1822 nt
1176 1762 1230 1822 (li.
1252 1781 1315 1826 aas.

52 1845 106 1910 579
118 1847 145 1931 Ι),
162 1851 442 1912 totinadnatoliaia
458 1851 599 1928 bithynia
615 1852 725 1928 (Pestal
735 1841 779 1930 Ι),
799 1851 839 1911 ad
857 1852 991 1913 Gilioiam
1008 1849 1074 1933 (Bai
1085 1849 1117 1931 Ι),
1137 1852 1231 1929 Syrias
1249 1855 1314 1914 bor.

52 1941 83 1998 ad
97 1942 200 2002 tinab
219 1933 369 2025 (Hansalsl
382 1941 404 2021 ),
423 1941 572 2002 Armenia
588 1931 719 2017 (Bourgl
731 1939 754 2019 ),
772 1941 892 2002 Tauriae
912 1950 941 2001 at
959 1942 1063 2004 Iberia
1077 1943 1155 2015 (ΜΒ.
1173 1940 1317 2023 Einhart),

3 2047 5 2152 p
52 2028 248 2092 Parsbeanatr.
261 2032 300 2092 ad
312 2031 509 2107 Persepolim,
527 2031 659 2108 Sabinae,
673 2029 802 2105 Ispahan
819 2031 925 2107 (duob.
946 2049 1008 2092 axa.
1023 2027 1115 2094 4084
1130 2031 1171 2092 A!
1184 2033 1234 2108 Ky
1253 2051 1315 2093 axe.

3 2153 5 2192 t
54 2115 146 2196 aar).

3 2193 5 2292 l
89 2223 213 2286 ilitieulee
228 2229 320 2284 reeta
332 2225 382 2284 val
400 2224 651 2284 anbaontortad
671 2223 760 2282 variis
777 2223 947 2286 auotoribas
963 2225 1080 2285 biennis
1098 2224 1179 2285 diota
1194 2225 1248 2284 sed
1265 2243 1314 2285 ro·

3 2293 5 2394 )
56 2313 121 2372 sulae
132 2314 250 2373 steriles
262 2313 325 2373 fera
342 2329 460 2389 semper
481 2313 553 2373 vidi.

3 2401 5 2464 ῗ
57 2412 267 2588 &feast
291 2416 378 2478 Italia
394 2422 470 2492 sept
487 2421 518 2476 et
533 2417 681 2492 australis,
700 2413 801 2474 Gallia
819 2413 916 2474 media
937 2411 1005 2496 (sed
1027 2418 1068 2477 ibi
1085 2416 1253 2477 introdaota
1271 2417 1313 2475 vi·

111 2525 125 2566 r
141 2549 148 2565 .

91 2739 127 2805 F.
147 2743 352 2808 rostrata
370 2736 512 2825 (Sebenk
554 2737 575 2802 Ι.
597 2735 751 2824 ὃρθθῑῐῐι,
773 2758 804 2825 p.
828 2736 871 2804 ab
894 2738 955 2806 sub
978 2737 1140 2828 Farsalia)
1161 2737 1246 2806 foliis
1266 2759 1317 2806 re-

56 2826 153 2975 pandis
171 2827 221 2892 vel
242 2825 377 2914 integris
398 2758 594 2895 radicabius
614 2823 962 2914 spathulatooblongis
981 2826 1162 2982 petiolatis,
1182 2825 1319 2897 caulinis

3 2915 4 2920 ’
67 2915 325 3002 nean-oblongis
345 2913 483 2995 strictis,
506 2912 641 2981 siliculis
662 2911 810 3000 elliptiois
827 2915 913 3002 pube
933 2925 980 2982 ste
1005 2921 1056 2984 ata
1075 2916 1174 2984 deuse
1195 2925 1226 2982 et
1244 2914 1319 2982 bre·

57 3001 122 3070 riter
139 3025 172 3070 as
197 3003 262 3069 eris
283 3004 364 3092 styla
384 3001 552 3068 dimidiam
568 3003 616 3069 vel
628 2999 759 3069 tertiam
780 3001 913 3070 siliealae
931 3003 1012 3070 latit.
1028 3013 1152 3092 partem
1164 3003 1319 3092 aquanti,

3 3131 5 3210 p
57 3088 153 3160 loculis
172 3025 409 3180 isansperrnis,
431 3090 490 3158 alis
510 3089 633 3158 semine
654 3089 899 3177 angustioribus
927 3103 974 3169 tt.

3 3221 4 3232 2
91 3196 159 3256 Hah.
178 3199 208 3255 in
225 3198 353 3257 collibus
370 3198 450 3256 eirea
460 3196 698 3272 Hierosolymam
713 3191 822 3278 (Rothi
836 3198 923 3256 Boias
935 3191 970 3281 Ι),
987 3198 1068 3257 eirea
1079 3197 1203 3258 Hebron
1215 3191 1319 3280 (Kyll,

55 3283 78 3341 in
95 3285 260 3350 Antilibano
279 3288 356 3346 inter
373 3285 475 3345 Dimaa
493 3288 523 3344 et
537 3285 697 3361 Rasobeya
715 3282 822 3368 (Gailll
834 3283 854 3368 ).
872 3286 918 3345 Fi,
943 3304 1024 3347 vere.

53 3375 458 3540 pllffllfflgaeoedenm
476 3373 539 3434 iere
557 3375 689 3452 majora,
708 3376 832 3441 siliaulae
856 3377 1103 3452 subanguetiores
1113 3421 1121 3454 ,
1140 3377 1238 3452 stylus
1256 3376 1320 3439 fare

90 3675 129 3743 P.
146 3675 431 3762 macroptara
450 3674 512 3764 (Κ)
531 3676 574 3763 pl.
597 3695 662 3742 aas.
686 3675 773 3744 1859
792 3675 865 3762 (snb
886 3673 1062 3766 Farsalia),
1084 3675 1168 3744 foliis
1187 3676 1324 3764 integris

56 3761 240 3831 radicalibus
260 3763 409 3850 oblongis
428 3763 600 3852 petiolatis‚
622 3763 759 3832 caulinis
778 3765 1167 3850 lanceolata-linearibus,
1189 3766 1324 3833 silionlis

54 3849 106 3918 iate
124 3851 223 3919 oratis
242 3851 328 3940 pube
348 3851 472 3920 stellata
490 3853 590 3920 dense
610 3861 641 3918 et
660 3853 802 3921 breviter
821 3851 965 3940 asperis,
987 3854 1067 3943 stylo
1087 3853 1220 3922 silieulee
1240 3854 1321 3922 latit.

53 3935 104 4093 ispi
124 3941 176 4028 plo
195 3938 351 4022 breviori,
373 3940 487 4009 loculis
506 3939 565 4015 5·d
586 3940 743 4028 epomis,
764 3940 823 4008 alis
843 3939 959 4007 semini
980 3941 1140 4030 aequilatis
1159 3943 1208 4011 vel
1227 3943 1323 4011 latia-

54 4045 77 4092 rr
100 4049 136 4096 us
160 4041 206 4106 tt.

92 4135 165 4196 Hah.
182 4135 211 4193 in
230 4139 329 4194 monte
347 4132 518 4194 Aslandaoh
535 4131 734 4210 Cappadocia
753 4134 831 4213 (Bal.
850 4135 905 4194 sub
924 4131 961 4193 F.
980 4130 1197 4220 maaraaarpdl,
1216 4135 1324 4198 (laiso-

55 4223 98 4283 ΙΙΙ
113 4242 204 4299 prope
222 4225 362 4284 Albiatan
381 4231 410 4282 et
425 4224 455 4282 in
483 4228 583 4283 monta
601 4222 747 4298 Bagdagh
765 4241 859 4300 propa
879 4223 1004 4284 Malada
1020 4225 1154 4303 (Hausak
1163 4228 1194 4304 Ι),
1223 4225 1324 4287 Tauro

3 4351 4 4368 .
56 4311 165 4374 ὓΙΙίθὶθο
183 4302 295 4390 (Ball),
315 4313 430 4372 Amano
448 4311 512 4391 (Ky
528 4331 590 4372 axa.
609 4309 669 4374 551
690 4316 744 4373 snb
762 4313 793 4373 F.
805 4313 956 4389 rostrati),
973 4315 1050 4374 inter
1064 4315 1179 4375 Snerak
1197 4321 1227 4375 et
1239 4317 1324 4376 Diar-

3 4391 4 4396 ’
56 4401 262 4486 bekirtssyll,
285 4421 369 4480 prov.
396 4402 500 4463 Mueeb
522 4401 669 4465 Armenia
695 4403 766 4484 (Ky
793 4421 855 4464 axs.
883 4397 1006 4490 5801),
1036 4403 1178 4464 Armenia
1199 4405 1326 4468 aossiea

56 4488 192 4567 (Sanni).

1103 4591 1134 4646 ΙΙ
