3242 5186
665 404 725 474 tut

107 543 204 606 Variat
221 545 301 606 foliis
316 544 375 610 st
390 549 486 608 lineat
503 551 617 609 tuntum
640 549 740 626 longis
764 552 904 629 oblongis
931 555 1026 615 acutis
1045 571 1098 630 per
1114 553 1225 616 formas
1244 557 1333 617 inter-

69 635 172 788 mlptlius
189 635 229 696 sd
240 635 314 696 lolia
328 639 550 700 suborbicnlata
566 636 588 702 6
604 636 626 702 8
643 640 737 700 lineas
754 643 816 702 lata
833 660 869 703 ea
881 661 944 706 var.
957 671 988 732 y.
1002 645 1163 706 referentia
1180 651 1339 708 transeun-

70 727 88 787 ti
108 743 149 786 ιιι.

104 831 130 905 ζ.
152 823 323 908 repertrio.
349 821 484 906 Glabra,
509 823 585 893 lolia
611 787 730 913 magna
754 827 995 896 suborbiculate
1022 829 1245 900 obtusiuscula
1265 833 1337 900 basi

69 933 143 1014 saepe
162 909 372 994 subcordata,
393 911 520 1001 stipulae
540 924 675 982 setaceae
696 916 855 1000 deciduas,
876 917 975 985 flores
994 919 1103 1007 ampli.
1129 917 1166 986 C.
1181 923 1342 1009 reperiris

69 1000 161 1068 Srbth.
186 998 236 1065 rt.
259 997 363 1067 Graec.
385 1000 451 1068 tab.
473 999 550 1068 487.

103 1109 178 1168 Hsb.
197 1108 227 1166 iu
245 1108 370 1182 rupibus
388 1107 542 1169 maritimis
560 1111 722 1170 insularum
741 1110 863 1172 Greciae
880 1112 1052 1190 nauperes,
1071 1114 1190 1190 Myconi
1211 1111 1340 1197 (stetu),

69 1198 159 1258 Tenos
182 1191 299 1279 (Otia).
318 1196 413 1256 cretus
431 1193 582 1280 (Heldrl),
600 1199 708 1262 Atticus
725 1201 763 1260 ad
780 1201 940 1264 Phalerum
956 1202 1082 1282 (Sprunt
1101 1204 1236 1281 Heldrl).

68 1387 75 1449 Ι
104 1298 174 1450 viih
191 1298 282 1357 etiarn
297 1297 375 1358 hanc
395 1299 570 1361 varietatem
595 1316 633 1362 ex
658 1303 747 1362 ltalia
772 1303 812 1364 ad
840 1303 957 1381 Pisum,
992 1303 1094 1365 sieilia
1112 1311 1142 1366 et
1158 1306 1268 1367 Insulis
1285 1307 1341 1366 Bu-

77 1405 132 1450 esu
152 1405 201 1449 ns.

103 1489 162 1550 Ar·
189 1497 311 1568 oeossn.
336 1491 431 1568 Regio
448 1493 667 1555 mediterranea
685 1495 813 1572 Europus
830 1501 860 1555 et
876 1495 985 1557 Africus
1001 1496 1144 1558 borealis.

103 1723 143 1799 G.
166 1729 346 1816 galeata
365 1725 511 1814 (Fresen.
535 1722 615 1796 Mus.
638 1727 732 1796 Senk.
756 1729 863 1819 Beylr.
885 1729 1000 1818 libyes.
1019 1752 1053 1831 p.
1071 1729 1129 1820 ΙΙΙ)
1151 1731 1344 1818 glarrcagla-

67 1817 117 1884 bra
135 1816 292 1885 fruticosa
311 1815 411 1883 ramis
430 1815 585 1883 brevibus
605 1817 735 1900 erectis,
757 1818 884 1906 stipulis
904 1817 1046 1907 spinosis
1058 1819 1234 1902 uncinatis,
1254 1817 1340 1886 foliis

67 1905 263 1992 longiuscule
290 1901 452 1992 petiolatis
478 1903 578 1973 cratis
603 1905 728 1973 obtusis
752 1928 838 1995 saepe
865 1907 1118 1990 mucronulatis,
1152 1907 1344 1997 pedunculis

67 1993 174 2062 lolium
194 1991 398 2082 aequantibus
416 1994 708 2081 vellongioribus,
729 1997 837 2083 sepalo
857 1994 1019 2082 superiori
1040 1996 1180 2063 maximo
1200 1997 1341 2084 galeato,

68 2083 160 2150 bacci
186 2081 450 2149 obovato-oblon
475 2082 581 2150 thasi
606 2083 701 2170 longe
728 2089 891 2151 attenuate
918 2093 949 2163 5.
981 2081 1016 2150 C.
1046 2085 1262 2174 curtitht'uec
1281 2084 1344 2151 De·

69 2171 147 2240 cain.
172 2169 219 2237 rt.
242 2168 360 2236 Sinuic.
384 2190 415 2258 p.
432 2103 488 2238 ti.

107 2279 183 2339 Hnb.
203 2280 232 2337 in
251 2278 435 2353 rupestribus
453 2279 540 2337 vallis
559 2278 655 2338 Ouadi
673 2280 793 2339 Hebron
807 2280 875 2357 jugi
892 2279 1026 2339 Siusitiei
1041 2273 1142 2356 (Bone
1161 2297 1225 2338 ens.
1256 2267 1340 2341 tte!

70 2367 192 2444 Schimp.
212 2385 275 2429 exs.
296 2364 380 2430 575!
401 2367 527 2443 Boissl),
554 2369 592 2426 ad
611 2385 699 2444 rupes
719 2368 845 2444 AEgypti
863 2369 940 2429 inter
957 2367 1094 2428 Gahirsm
1114 2373 1143 2428 et
1167 2368 1242 2429 Sues
1262 2374 1291 2428 et
1311 2371 1341 2429 in

70 2458 132 2534 ὣς.
145 2456 292 2534 superiori
310 2458 349 2517 ad
364 2467 447 2517 mare
459 2449 592 2518 Rubrum
610 2451 749 2538 (ligeri).

108 2561 201 2620 Valde
223 2559 321 2619 affinis
338 2559 519 2635 praecedenti
537 2560 664 2620 etflores
680 2561 890 2638 magnitudinis
909 2560 974 2636 ejus
993 2579 1057 2620 var.
1077 2588 1123 2638 α.,
1142 2563 1180 2622 ab
1199 2561 1345 2622 esidiffert

71 2651 151 2711 ramis
168 2651 310 2711 brevibus
330 2649 438 2710 erectis
455 2653 485 2708 et
504 2648 676 2710 charactere
693 2649 814 2727 oalyois.

124 2871 272 2946 enno
300 2874 399 2946 vrtr
424 2871 761 2948 nusnnnunm
786 2875 854 2987 ne.
889 2875 960 2947 ru.
986 2873 1109 2946 utem.
1131 2902 1166 2972 p.
1189 2873 1284 2948 arr.

110 3086 216 3154 Flores
235 3085 302 3150 irre
327 3083 445 3154 ulares.
475 3079 569 3180 Calyx
589 3077 764 3168 persistens
784 3078 844 3146 t-tt
862 3081 1000 3169 partitus
1021 3080 1187 3147 rarissime
1208 3080 1345 3169 biparti-

71 3187 129 3242 tus.
150 3173 277 3242 Corolla
335 3169 355 3237 8
376 3169 483 3237 rarius
507 3170 645 3257 dipetala
664 3169 713 3236 vel
732 3169 833 3252 nulla,
854 3169 967 3257 petalis
987 3169 1074 3236 varie
1093 3169 1220 3257 partitis
1240 3169 1345 3236 rarius

1 3289 2 3350 ι
70 3263 200 3350 integris
220 3257 399 3349 saepissime
419 3259 458 3326 ad
479 3278 622 3344 unguem
635 3255 826 3324 membrana
838 3256 1106 3345 appendiculum,
1120 3257 1345 3346 superioribus

1 3353 2 3408 ἶ
71 3352 256 3441 majoribus.
280 3348 391 3416 Discus
415 3348 605 3436 hypogynus
625 3345 745 3414 sessilis
771 3347 817 3411 vel
842 3345 1003 3448 stipitatus
1022 3346 1163 3414 lateralis
1183 3356 1215 3412 et
1233 3367 1345 3415 vorsus
1370 3365 1376 3378 ·

71 3441 141 3508 auin
158 3437 407 3507 inlloroscentiae
421 3437 524 3521 magis
536 3435 700 3514 dilatatus,
719 3433 826 3502 rarius
840 3435 990 3501 centralis
1002 3435 1051 3501 vel
1063 3435 1181 3502 nullus.
1201 3431 1346 3503 Stamina

1 3527 2 3546 ¹
71 3527 148 3596 3-ltt
172 3527 242 3595 basi
266 3525 301 3592 in
328 3525 443 3592 tubum
462 3521 657 3591 stamineum
686 3544 760 3590 cum
779 3523 971 3611 gynophoro
990 3523 1208 3590 cohaerentem
1228 3521 1346 3592 coalita

74 3617 234 3684 rarissime
259 3613 373 3681 libera.
405 3613 557 3680 Antherae
581 3611 774 3680 hiloculares
798 3611 959 3678 introrsus⁴
989 3609 1141 3678 Ovarium
1162 3611 1272 3680 sessile
1291 3621 1348 3680 aut

72 3705 247 3794 slipitatum
266 3705 315 3769 vel
334 3724 351 3769 e
371 3699 521 3789 carpellis
539 3697 595 3768 et
614 3701 760 3767 connatis
779 3701 952 3767 formatum
973 3695 1172 3767 uniloculare
1189 3701 1278 3789 apice
1291 3695 1348 3768 3-4

72 3795 235 3862 dentatum
256 3791 340 3858 inter
352 3791 465 3858 dentes
478 3789 702 3876 stigmatosum
722 3789 816 3856 hians
837 3798 892 3855 aut
908 3786 1014 3855 rarius
1029 3789 1189 3873 clausum,
1211 3789 1260 3856 vel
1279 3809 1347 3856 oar-

74 3884 159 3971 pellis
182 3880 242 3949 5-ss
269 3879 380 3948 liberis
400 3889 563 3946 constans.
585 3877 684 3945 Orula
703 3897 877 3944 numerosa
901 3877 1142 3965 campylotropa
1166 3899 1259 3946 secus
1278 3877 1347 3966 pla-

73 3981 179 4038 centes
197 3969 370 4060 parietales
389 3967 437 4034 vel
458 3967 497 4034 sd
518 3966 611 4033 basin
624 3965 724 4032 ovarii
736 3966 870 4033 inserta.
894 3964 1029 4032 Fructus
1042 3966 1219 4054 capsularis
1232 3966 1348 4034 evolvis

74 4061 120 4126 rel
139 4060 300 4127 baccatus
324 4056 454 4124 Semina
473 4054 664 4122 renitormia
683 4053 936 4122 exalbumiuosa.
959 4054 1098 4144 Embryo
1114 4065 1278 4140 arcuatus,
1299 4071 1350 4122 co-

74 4149 233 4238 tyledones
253 4146 491 4226 incumbentes,
513 4143 657 4211 radicula
675 4143 742 4210 hilo
760 4141 917 4231 proximu.

378 4355 631 4434 ocurruruus
656 4355 735 4451 (ost.
760 4355 806 4429 u.
825 4356 881 4450 nu.
910 4379 940 4452 p.
965 4355 1035 4438 rr).

118 4531 225 4600 Floras
245 4529 374 4631 apeteli.
397 4528 489 4617 Calyx
509 4525 564 4595 5-6
584 4527 725 4615 seprius,
747 4525 859 4592 Discus
877 4528 977 4594 lutere
999 4527 1159 4616 superiori
1173 4529 1262 4594 valdo
1273 4549 1352 4684 Ero-

78 4619 188 4688 dttctus
207 4630 315 4688 antrce
336 4629 515 4685 truncatus.
537 4615 681 4684 Stamina
702 4613 818 4682 tlt-tu.
846 4615 999 4683 Ovurium
1024 4617 1246 4684 tridentatum.
1297 4637 1353 4704 ap-
