3156 5176
630 401 694 470 327

80 535 176 596 Facies
193 537 326 596 citiores
345 537 392 596 rt.
406 537 541 596 montani
558 537 664 595 loculis
680 537 839 596 biorulstie
859 535 990 596 distincti
1003 541 1032 593 et
1048 536 1205 612 inalpini
1223 538 1301 611 quod

6 630 9 683 1
46 625 119 683 babet
134 625 306 686 cendicnlos
322 629 474 700 elongatos
491 629 644 700 repentes,
662 625 734 688 folia
759 626 900 685 interiora
924 625 1108 686 subrotunda
1124 633 1154 684 et
1175 628 1239 685 alas
1258 628 1301 686 lo·

47 715 98 773 culo
113 717 307 791 augustiores.
324 749 366 760 -
392 715 440 775 nr.
463 720 635 775 montanum
654 715 688 774 L.
707 717 737 774 in
763 716 877 774 Taurici
894 711 1004 796 (Stes.)
1024 722 1054 773 et
1079 716 1108 773 in
1133 714 1302 775 Somebstis

47 803 196 878 indicatum,
216 805 287 864 mibi
305 824 341 864 ex
357 807 444 866 unico
462 806 622 880 specimine
638 805 769 865 florifero
787 807 817 864 in
830 805 913 866 herb.
928 804 1086 866 Ledebour
1099 803 1163 864 vise
1182 805 1301 865 dubium

48 899 69 950 et
82 891 173 952 forsan
191 911 310 970 quoque
337 895 386 955 rt.
416 890 620 955 cebrolencnm
640 904 696 954 est.

79 1101 143 1168 rh.
160 1103 366 1172 Graecum
392 1103 496 1202 (lorti.
519 1105 649 1172 Obseru
673 1103 763 1169 Fasc.
787 1102 896 1190 tlt‚‚p.
920 1101 977 1186 30)
998 1103 1174 1168 caudiculis
1195 1103 1301 1168 brevi-

1 1223 2 1236 1
49 1189 102 1269 bus,
120 1188 200 1266 loliis
220 1190 424 1258 denticulatis
447 1192 639 1259 radicalibus
658 1190 818 1278 petieratis
837 1191 984 1278 oblongis
997 1190 1133 1257 caulinis
1145 1189 1302 1276 oblongo-

49 1277 201 1344 linearibus
229 1279 296 1346 basi
325 1279 534 1348 acutiusculis
564 1278 1057 1367 auriculato-amplexicaulibus,
1088 1279 1202 1367 petalis
1221 1279 1303 1346 albis

48 1366 134 1453 calyce
152 1369 279 1435 rubello
298 1367 457 1456 subtripio
477 1369 691 1455 longioribus,
713 1368 856 1434 authoris
875 1367 1024 1434 violaceis
1045 1369 1185 1458 calycern
1205 1387 1302 1456 supe-

49 1453 185 1536 rantibus,
219 1455 343 1523 siliculd
374 1455 523 1544 (juniori)
554 1458 623 1524 basi
651 1461 815 1523 attenuati
842 1455 1019 1523 obcerdatc
1045 1456 1135 1555 apice
1160 1453 1301 1522 breviter

48 1541 226 1629 emarginatd
247 1545 306 1611 alis
325 1543 415 1632 apice
435 1545 541 1612 loculo
561 1544 734 1633 aequilatis,
755 1545 836 1634 stylo
856 1545 980 1610 silicult
998 1543 1133 1610 diuudio
1146 1544 1300 1626 breviori,

48 1629 138 1698 loculis
155 1631 177 1697 li
196 1633 334 1699 ovulatis
361 1645 407 1708 11.
435 1633 492 1698 Tb.
514 1643 707 1700 monianum
726 1634 808 1721 Bnry
829 1645 861 1700 et
879 1631 934 1698 Ch.
958 1632 1003 1698 Fl.
1028 1632 1136 1720 Pelop.
1159 1632 1303 1700 1101015

47 1738 96 1784 uon
114 1720 152 1786 L!
179 1720 238 1786 Tb.
260 1723 454 1810 Taygete-usn
473 1721 572 1788 Boiss.
596 1722 708 1807 Diagu.
732 1720 800 1787 Ser.
825 1721 849 1800 i,
870 1721 954 1803 Vlil,
976 1743 1007 1808 p.
1030 1719 1083 1787 le.

80 1825 147 1886 Hab.
164 1829 194 1886 in
217 1829 357 1905 Taygeto
373 1829 526 1903 aregione
540 1831 636 1888 medici
653 1830 690 1887 sd
708 1847 848 1888 cacumen
869 1828 984 1908 (boissi
1004 1829 1098 1887 Heldr
1109 1831 1140 1907 t),
1159 1832 1302 1890 inruente

47 1915 140 1974 ilalero
158 1916 299 1978 Laconica
318 1913 414 1996 (Orph
427 1916 460 1990 l),
478 1917 608 1993 Kyllene
627 1924 655 1977 et
673 1918 796 1977 Maenelo
813 1918 950 1978 Arcadis
968 1915 1085 1995 (Orplri
1108 1919 1245 1994 Heldril.

80 2005 175 2066 Facies
190 2009 397 2082 precedentis,
419 2009 446 2068 Τ.
461 2011 595 2068 montani
612 2017 640 2068 et
655 2009 681 2068 T.
701 2008 805 2085 alpini,
823 2009 993 2067 distinctum
1005 2008 1085 2068 foliis
1102 2009 1301 2086 denticulatis,

1 2167 2 2178 ἵ
48 2094 155 2154 lotheris
172 2099 318 2157 violaceis
335 2116 391 2158 uec
407 2100 534 2157 flavidis.

1 2347 2 2404 ἶ
81 2329 144 2397 l'h.
156 2331 295 2399 affine
316 2330 440 2417 (Schott
460 2343 490 2397 cl
512 2331 556 2419 ily
569 2332 601 2396 iu
616 2331 661 2419 ily
675 2333 717 2417 pl.
736 2329 899 2418 Transylv.
917 2331 1000 2415 ers.)
1021 2329 1216 2416 cespiusum
1230 2352 1302 2398 cau-

1 2429 2 2436 ’
49 2415 140 2483 diculis
164 2419 318 2485 tenuibus
345 2420 514 2505 elongatis,
547 2419 631 2486 loliis
655 2419 789 2506 integris
814 2417 1006 2484 radicalibus
1026 2420 1121 2504 louge
1140 2420 1301 2504 petiolatis

49 2501 178 2588 eboratis,
200 2507 340 2574 caulinis
359 2508 506 2594 oblongis
526 2507 1227 2594 acutiusculeauriculute-arnplcxicaulibue,
1248 2529 1301 2594 pc-

50 2591 103 2658 talis
119 2594 195 2662 albis
215 2597 325 2685 calyce
344 2598 415 2684 plus
435 2597 532 2685 duple
553 2595 768 2682 longioribus,
801 2595 945 2660 authoris
972 2595 1088 2684 pallide
1108 2595 1299 2663 carneo-iia-

50 2679 110 2748 ridis
137 2685 280 2772 calycern
301 2685 542 2772 superantibus,
575 2683 709 2750 siliculis
730 2683 1119 2768 triangulari-obcordatis
1139 2684 1208 2750 basi
1228 2686 1298 2751 lou-

49 2767 168 2853 giuscule
197 2773 373 2840 attenuatis
403 2773 493 2860 apice
518 2773 658 2840 breviter
682 2771 889 2855 ernargiuatis
909 2773 966 2838 alis
987 2795 1006 2838 a
1029 2772 1077 2838 icc
1096 2773 1201 2838 loculo
1220 2775 1298 2839 sub-

49 2859 281 2944 augustieribus,
303 2862 383 2950 style
402 2861 526 2928 silicult
546 2861 681 2928 diruidio
701 2859 856 2942 breriori,
880 2861 992 2927 loculis
1008 2793 1067 2928 1-8
1087 2861 1224 2948 sperruis
1252 2875 1279 2936 tc
1291 2915 1297 2928 .

52 2943 96 3012 ll.
109 2949 255 3036 alpinum
273 2950 400 3017 Griseb.
424 2949 507 3038 Spic.
531 2950 558 3032 1,
579 2971 610 3037 p.
634 2947 699 3015 ⁰280
719 2969 784 3015 uon
802 2949 890 3036 Jacq.

1 3041 2 3082 ss
81 3053 145 3113 Hsb.
160 3057 189 3113 in
207 3057 318 3130 alpinis
336 3055 440 3115 Scardi
458 3057 488 3113 in
504 3055 680 3114 Macedoniis
697 3052 815 3130 (Griseb
826 3042 858 3134 1).

81 3155 161 3216 Valde
186 3159 276 3217 nitius
300 3158 351 3218 Tlr.
371 3159 472 3235 alpino
501 3163 531 3216 et
557 3157 605 3216 rt.
624 3163 764 3217 montano
790 3159 844 3216 sed
868 3160 896 3216 in
916 3159 958 3215 cis
978 3159 1092 3216 loculos
1109 3176 1226 3232 semper
1243 3155 1301 3219 Ν

1 3249 2 3316 l
47 3247 161 3305 llfll³i⁰⁸
179 3250 315 3326 reperio,
333 3250 449 3324 species
469 3248 539 3306 mihi
557 3249 673 3308 sitientis
690 3247 847 3307 immaturis
860 3254 972 3306 tanturn
988 3253 1059 3306 uota
1076 3254 1105 3306 et
1123 3249 1246 3308 ulterius
1258 3249 1299 3306 iu·

1 3347 2 3366 ¹
46 3336 205 3410 religanda.

80 3420 130 3486 ΛΓ·
152 3425 275 3506 θθοςτ.
300 3427 528 3504 Transylvanioe
544 3427 629 3502 cipes
648 3417 757 3511 (Kyt).
807 3457 811 3464 ·

336 3630 354 3666 ³*
378 3629 397 3665 i
419 3629 541 3706 Species
558 3631 681 3690 biennes
698 3629 746 3688 vel
763 3633 970 3704 perennantes.

79 3789 145 3857 Th.
167 3791 312 3860 rivale
338 3789 448 3874 (Presl.
471 3789 539 3855 Dei.
564 3788 657 3872 Prag.
682 3809 712 3875 p.
736 3786 793 3874 tt)
821 3787 940 3853 acolio
960 3786 1136 3872 pluricaule
1157 3786 1302 3854 caulibus

46 3873 213 3945 lateralibus
231 3877 482 3946 ascendentibus
502 3875 636 3944 neutrali
657 3886 746 3942 recto
766 3897 851 3963 saepe
870 3871 1085 3958 longioribus,
1112 3874 1196 3940 loliis
1217 3875 1302 3941 radi-

1 3981 2 4000 *
46 3965 149 4032 colibus
168 3967 328 4055 petiolatis
341 3965 442 4033 oratis
454 3965 589 4051 integris
602 3966 650 4030 vel
662 3965 804 4031 obsolcte
818 3963 969 4040 dentatis,
991 3962 1126 4030 cardinis
1145 3963 1302 4048 oblongo-

46 4050 201 4120 iiuearibus
228 4056 332 4122 aculis
360 4054 645 4142 amplericaulibus
670 4052 812 4118 breviter
831 4051 1001 4136 sagittulis,
1023 4050 1157 4117 floribus
1181 4053 1302 4140 parvis,

1 4159 2 4226 j
47 4143 141 4224 petalis
159 4144 238 4210 albis
256 4145 362 4234 calyce
381 4143 479 4230 duple
500 4142 714 4228 longioribus,
744 4141 888 4207 authoris
908 4139 1014 4223 luteis,
1044 4161 1171 4206 racemo
1192 4141 1304 4207 fructi-

48 4227 103 4296 lero
120 4232 260 4300 conferto
279 4243 372 4300 ovato
392 4231 557 4320 pedicellis
576 4229 706 4319 patulis,
735 4228 859 4296 siliculal
877 4228 1172 4330 cunealo-ellipticb
1191 4228 1253 4295 late
1274 4240 1306 4295 et

1 4387 2 4390 Ἴ
47 4314 168 4387 breviter
187 4321 386 4408 eurarginati
407 4320 465 4387 alis
485 4319 600 4402 acutis,
626 4320 707 4406 stylo
725 4318 798 4384 sinu
820 4317 975 4399 breviori,
1001 4317 1114 4385 loculis
1133 4315 1195 4383 3-1
1214 4337 1304 4404 sper-

48 4425 97 4473 rurs
157 4463 163 4474 .

83 4511 124 4572 Hs
170 4515 198 4572 in
216 4517 338 4592 regione
355 4516 488 4575 abietind
506 4515 613 4573 montis
633 4513 728 4574 OEnos
744 4511 937 4588 Cephaloniae
954 4513 1004 4569 sit.
1026 4507 1132 4572 5000'
1147 4507 1304 4591 (Heidrti.

88 4611 137 4676 Ar.
160 4625 278 4696 deogr.
306 4619 421 4680 Montes
437 4617 581 4678 Sardiniae
599 4625 627 4677 et
652 4617 769 4678 Sicilie.
