3230 5190
910 374 975 442 958

305 541 410 629 calyce
435 541 531 628 triplo
564 539 784 626 longioribus,
813 542 950 608 racemis
982 541 1077 622 laxis,
1099 540 1225 628 siliquis.
1256 537 1384 624 glabris
1406 547 1579 620 tetragono

304 629 495 716 compressis
521 629 672 696 tenuibus
699 630 881 716 patentibus
909 630 1111 696 subareuatis
1137 629 1299 718 pedieello
1331 626 1426 693 tenui
1447 624 1518 690 6-8
1536 626 1579 711 plo

304 717 516 804 longioribus
537 716 684 802 stigmate
705 717 828 799 sessui,
850 717 1028 785 seminibus
1049 718 1138 806 apieo
1157 728 1295 804 anguste
1317 715 1416 782 alatis
1445 725 1492 789 14.

350 824 425 882 Hsb.
445 823 473 880 iu
492 822 633 880 Armenii
649 822 688 880 ad
706 822 888 897 Tsehlrttpru
908 823 1006 900 (Huetl
1023 831 1042 897 ),
1061 826 1090 882 in
1107 824 1231 896 regione
1249 808 1355 896 alpinis
1383 821 1475 878 Ponti
1492 817 1579 878 buzici

305 912 343 970 ad
362 912 471 988 Djemil
490 905 576 993 (Ball
592 913 643 970 alt.
664 908 795 990 7500’).

350 1011 546 1087 Semipedale,
565 1011 636 1070 folia
658 1009 757 1073 19-16
774 1013 823 1070 liu.
844 1009 972 1090 longs5
996 1013 1065 1071 tata.
1090 1011 1211 1087 Siliquae
1233 1007 1337 1072 16-t8
1359 1010 1416 1068 lin.
1436 1010 1528 1082 longae
1545 1003 1577 1088 ¹l,

291 1103 382 1168 ¹late⁸
397 1103 507 1161 Fruotn
525 1107 640 1159 maturo
657 1121 751 1176 nuper
768 1107 892 1175 sooepto
910 1101 985 1161 bane
1003 1103 1134 1176 plantum
1153 1103 1191 1160 ob
1210 1101 1348 1159 vslrrrlas
1378 1099 1580 1157 casinate-uni-

307 1209 412 1252 nervos
431 1209 450 1250 s
468 1189 645 1250 Cordamins
663 1192 789 1250 alienam
814 1208 880 1248 esse
903 1192 1050 1270 comperi;
1068 1191 1144 1249 inter
1161 1189 1321 1250 Arabidsm
1339 1197 1374 1248 et
1391 1187 1580 1263 Sispmlrisnr

306 1282 460 1356 ambigens
477 1281 544 1340 baie
560 1281 598 1339 ob
615 1280 777 1340 redientem
797 1280 948 1355 obliquam
966 1289 996 1339 ot
1012 1281 1144 1339 habitum
1163 1281 1369 1338 adnumeravi.

352 1381 409 1446 Sis.
426 1384 642 1461 planetilidum
657 1383 732 1443 faeie
745 1383 832 1442 altine
845 1384 943 1444 differt
954 1385 1076 1444 floribus
1090 1384 1179 1459 triplo
1198 1383 1377 1456 minoribns,
1393 1399 1582 1442 1666166666-

306 1481 402 1534 trsoto
414 1475 530 1550 siliquis
547 1475 688 1533 teretibus
708 1475 796 1533 rectis
814 1474 904 1548 triplo
916 1474 1112 1534 brevioribus.
1130 1472 1189 1533 Sis.
1208 1473 1300 1548 Borps'
1311 1491 1361 1530 =
1379 1469 1495 1532 Arato
1507 1469 1583 1546 flant

308 1565 406 1622 Boiss.
432 1564 622 1637 distinguitur
647 1563 725 1621 loliis
743 1581 801 1621 non
822 1563 993 1622 auriculatis
1016 1571 1045 1622 et
1071 1564 1186 1638 siliquis
1205 1565 1359 1622 brevibus.
1385 1561 1450 1622 So.
1470 1562 1583 1621 Zasosii

307 1645 472 1728 prosimum
491 1653 587 1711 differt
605 1652 720 1728 siliquis
730 1653 916 1712 brevioribus
933 1653 1145 1729 quadrangulis
1158 1658 1188 1711 et
1204 1653 1281 1726 stylo
1301 1653 1466 1727 elongato.
1483 1651 1583 1710 Forsan

307 1741 415 1804 Arabis
430 1747 574 1819 petreae
599 1741 663 1800 ΜΒ.
688 1742 717 1801 in
746 1741 880 1801 Osuesso
902 1742 1033 1802 indioats
1061 1749 1089 1801 ot
1115 1760 1202 1816 quam
1220 1759 1277 1801 non
1300 1743 1364 1800 vidi
1397 1742 1439 1799 ad
1466 1748 1584 1804 nostrsn

308 1833 438 1908 speeiem
456 1831 613 1891 referenda
636 1837 690 1890 est.

309 1962 385 2048 Pag.
407 1961 489 2044 954,
514 1961 571 2028 lin.
594 1959 649 2027 ut.
678 1961 725 2028 tld
745 1963 965 2032 Riootiam
987 1965 1230 2034 bunariam
1257 1963 1352 2029 dele:
1381 1962 1481 2028 Linn.
1503 1962 1582 2050 Spa.

507 2060 567 2116 ete.
592 2061 623 2115 et
642 2069 750 2137 pone:
772 2069 824 2117 uu.
848 2050 928 2140 Syst.
953 2051 997 2134 ll,
1018 2073 1050 2140 p.
1074 2049 1150 2118 984.

312 2191 385 2275 lag.
409 2187 492 2270 997,
514 2186 570 2253 liu.
594 2185 648 2252 15.
673 2187 733 2253 Pro
753 2189 800 2255 A„
814 2187 1203 2275 dicranoidsslege:
1225 2191 1271 2258 D.
1285 2187 1581 2258 dieranoides

308 2326 384 2412 rag.
406 2323 487 2406 erre,
513 2323 571 2389 un.
604 2321 658 2389 15.
692 2323 738 2389 su
768 2325 1079 2394 anastatscam
1115 2302 1529 2393 Hierocuununam
1556 2323 1581 2388 u

506 2411 776 2566 ffiistipoqr„
796 2431 855 2535 pro
878 2413 1026 2542 surabis
1046 2412 1213 2480 borealis»
1237 2433 1344 2500 pone:
1373 2438 1387 2476 r
1413 2412 1523 2479 Airiea
1540 2411 1583 2476 bo

308 2639 383 2728 rag.
405 2637 483 2720 eeu,
504 2637 576 2810 prpe
592 2635 730 2791 aqqus
753 2639 1086 2789 pessumam
1115 2642 1333 2726 notscnys
1352 2659 1442 2725 pro:
1470 2665 1484 2700 «
1508 2638 1577 2704 as.

309 2865 383 2950 rag.
405 2863 490 2946 aas,
508 2865 562 3038 peip
587 2863 619 2931 8.
652 2837 1014 3018 pu'ffirhronsma
1043 2870 1250 2956 somqaei
1281 2869 1378 2935 1000:
1410 2895 1424 2932 t
1454 2868 1578 2956 spus·

560 2974 600 3020 e:
626 2978 639 3016 a
682 2974 800 3042 perae.»

309 3087 560 3176 1164364116.
583 3087 636 3155 98.
660 3088 721 3156 Pro
740 3093 782 3158 F.
808 3094 984 3178 stylosa
1006 3095 1098 3180 lege:
1121 3094 1160 3163 S.
1186 3094 1375 3180 stylosa.
1439 3168 1444 3176 ,
1555 3093 1561 3108 “

311 3226 384 3313 Pag.
407 3223 484 3308 417,
506 3224 563 3292 116.
586 3223 640 3290 ut.
662 3225 709 3292 Ad
729 3228 1042 3317 Dtpterygium
1065 3231 1277 3318 glaucum
1295 3231 1390 3296 loeo:
1422 3229 1493 3296 «tt.
1513 3229 1580 3317 ytu-

507 3313 602 3380 brom
621 3313 767 3381 [lecaisn.
787 3339 800 3378 u
823 3317 915 3404 lege:
942 3317 1013 3384 «D.
1039 3319 1188 3385 scabrum
1208 3315 1282 3384 Dee.
1302 3342 1315 3380 s

309 3451 384 3537 Pag.
407 3448 487 3533 497,
505 3448 562 3624 ipsut
584 3447 622 3626 4.)
639 3451 685 3517 Ad
705 3453 879 3521 Cinium
897 3455 1113 3524 villosum
1129 3454 1211 3522 adde
1228 3453 1446 3522 habitationi:
1469 3455 1581 3521 ‘launa

542 3559 604 3605 ev,
629 3591 635 3604 .

310 3675 386 3762 Pag.
408 3674 487 3760 496,
508 3675 565 3742 liu.
588 3674 654 3742 lb:
674 3676 722 3742 td
740 3678 985 3748 Dianthum
1007 3681 1222 3749 crinitum
1246 3678 1327 3745 adde
1359 3697 1581 3768 synonymon:

507 3763 548 3830 D.
570 3763 783 3850 Hesperiae
801 3763 900 3832 Glem.
924 3765 1041 3834 Sertul.
1064 3766 1189 3856 Olymp.
1211 3789 1243 3855 p.
1266 3765 1309 3834 l8
1330 3787 1396 3833 non
1418 3766 1509 3833 Pers.

309 3901 385 3989 Pag.
407 3899 484 3984 599,
504 3902 563 3970 lin.
592 3901 623 3968 7.
657 3901 704 3968 Ad
724 3903 918 3972 silenem
942 3905 1219 3974 Nteaesnssm
1244 3905 1336 3971 loeo:
1362 3928 1375 3968 ι
1399 3903 1583 3972 311666

505 3991 596 4078 pite»
618 3991 711 4077 lege:
740 3991 837 4058 «Sit.
860 3991 1053 4080 lettwpltoeo.
1073 4016 1086 4056 u

312 4126 385 4213 Pag.
408 4123 486 4208 639,
506 4126 564 4192 lin.
587 4125 619 4194 8.
648 4127 695 4193 td
721 4127 917 4197 Silenum
943 4129 1019 4197 lon
1052 4129 1232 4197 illoram
1251 4128 1333 4195 adde
1357 4149 1371 4194 s
1395 4147 1580 4218 nonyrnon:

512 4213 549 4280 S.
570 4214 878 4301 staticesolioSibth.
903 4227 935 4283 et
953 4215 1018 4283 Sm.
1060 4217 1081 4282 l.
1103 4216 1206 4284 Graee.
1228 4215 1266 4297 V,
1287 4238 1318 4304 p.
1342 4149 1398 4298 dl,
1421 4217 1490 4284 tab.
1503 4216 1582 4284 llll?

510 4301 600 4370 liano
619 4303 760 4390 plantant
784 4303 819 4370 in
839 4303 1059 4393 Peloponneso
1090 4304 1265 4372 indicatam
1295 4325 1360 4372 non
1385 4303 1450 4372 ridi
1477 4307 1534 4374 sed
1552 4326 1581 4370 er

509 4390 725 4480 descriptione
753 4401 784 4458 et
813 4391 906 4460 ieone
929 4393 1056 4460 videtur
1074 4391 1209 4460 omnino
1235 4393 1340 4460 forma
1369 4393 1580 4484 depauperata

511 4479 546 4544 S.
570 4478 748 4568 loupilloroe
765 4479 851 4548 soliis
877 4481 923 4549 eis
943 4481 1010 4570 typi
1034 4482 1130 4569 paulo
1162 4481 1405 4567 angustioribus
1431 4485 1472 4551 ad
1498 4481 1579 4551 basin

509 4567 609 4634 caulis
629 4567 731 4655 magis
750 4569 924 4656 congestis
945 4570 1035 4636 eaule
1055 4569 1164 4636 stricte
1177 4579 1207 4635 et
1227 4589 1394 4637 racemose
1414 4569 1472 4638 34
1492 4572 1577 4638 lloro.
1612 4591 1614 4676 p
