3156 5176
646 347 711 414 303

99 493 127 531 a.
146 463 292 548 pulaine.
315 461 453 534 Siliculas
474 463 578 530 birlae.
1040 537 1043 544 Δ
1075 527 1079 537 ,

95 568 165 626 Hab.
189 569 216 625 in
240 567 383 626 Armenia
407 587 501 643 prope
519 569 597 644 lspir
614 565 737 652 (Huetl)
757 579 786 627 et
809 571 846 628 ad
873 571 989 629 radices
1021 573 1127 631 montis
1149 571 1315 647 Tecbdagb

61 655 168 735 (balal).
187 658 215 714 in
232 657 346 716 Tauria
364 665 393 716 el
411 657 544 718 Caucaso
560 659 665 734 (ΜΒ.).

61 751 320 907 Εὓξόῃὶθιιξὶωξῗ.
355 752 493 819 Siliculae
525 753 657 838 glabrae,
688 753 727 820 b.
752 754 840 820 lutea
870 753 965 820 Gilib.
998 754 1036 820 b.
1066 755 1204 823 Publica
1230 757 1314 823 besl.

93 949 159 1076 iib'
188 949 217 1006 in
246 947 320 1007 Asia
346 950 460 1008 minore
484 951 595 1010 boreali
626 949 732 1030 (Aucb.
756 968 819 1008 exs.
838 947 988 1024 subal),
1018 951 1160 1012 Armenia
1187 946 1316 1034 (Teura.

62 1038 144 1100 llr..

82 1076 188 1196 'uires
206 1137 249 1195 eis
267 1136 304 1195 u.
324 1139 451 1198 muralia
467 1141 666 1216 submajores,
685 1140 799 1198 semina
814 1145 912 1198 autem
925 1141 1046 1200 dimidio
1064 1142 1188 1200 minora.

94 1233 143 1296 Ar.
166 1243 289 1313 Geogr.
314 1237 437 1315 Europa
454 1247 483 1298 et
501 1241 575 1299 Asia
596 1240 742 1316 boreales,
762 1239 880 1317 Sibirla,
894 1239 1034 1300 America
1046 1242 1188 1300 borealis.

96 1474 135 1540 D.
153 1472 342 1540 linearis
361 1468 476 1550 (Boiss.
501 1469 582 1534 Ann.
606 1467 655 1533 Sc.
680 1467 750 1533 Nal.
774 1465 874 1549 laus,
902 1488 933 1554 p.
956 1466 1036 1556 167)
1057 1468 1141 1536 soliis
1162 1469 1245 1556 pube
1266 1492 1318 1537 ra-

62 1567 135 1628 mosa
154 1559 245 1624 birris
266 1557 415 1624 resulalis
435 1555 579 1622 ubevalis
610 1555 764 1635 integris,
797 1575 893 1642 scapo
923 1555 1045 1642 pumilo
1075 1558 1161 1624 nurlc
1192 1560 1317 1643 glabro,

61 1648 176 1715 lloribus
195 1647 317 1735 pervia,
332 1643 444 1732 petalis
465 1643 738 1710 lineari-ennealis
758 1641 893 1728 integris
913 1644 992 1710 albis
1012 1646 1059 1711 vel
1079 1645 1195 1732 pallide
1208 1647 1320 1714 cebro-

61 1737 167 1816 leucis,
199 1754 329 1802 racernc
355 1732 520 1798 lruclilero
547 1731 660 1814 brevi,
693 1730 825 1798 siliculis
844 1731 999 1817 pedicello
1019 1737 1254 1820 erecto-palulo
1275 1736 1321 1802 eis

61 1824 178 1891 dimidio
203 1821 343 1889 breviori
374 1820 512 1886 sullullis
539 1819 659 1906 glabris
692 1819 867 1884 linearibus
895 1820 1063 1888 latitudine
1090 1827 1147 1888 sual
1175 1826 1320 1911 sextuplo

61 1911 247 1979 brevioribus
271 1912 331 1990 O?

96 2021 163 2079 Hab.
184 2022 214 2078 in
230 2019 341 2076 Persia
353 2019 416 2076 bor.
436 2023 534 2074 monte
554 2015 690 2072 Elamoul
711 2011 819 2095 (Aucb.
840 2033 892 2072 ‹xs
909 2007 1047 2095 sll8l).

97 2121 193 2180 Facies
212 2119 370 2197 Eropbilaa,
389 2137 497 2194 scapus
515 2135 579 2177 cum
599 2135 715 2176 racemo
733 2119 934 2192 lrlpollicaris‚
954 2119 1070 2178 silicnla
1088 2117 1149 2180 5-6
1162 2121 1213 2180 lin.
1233 2123 1322 2197 longa

63 2211 132 2270 linea
147 2205 184 2290 Ἀ
208 2213 279 2270 lala.
297 2211 396 2268 Primo
412 2226 488 2265 anno
508 2207 595 2264 floret
611 2206 663 2264 sed
683 2223 720 2264 an
739 2209 846 2266 revera
860 2209 979 2267 annua?

94 2308 124 2390 β.
145 2325 366 2392 cancroma,
388 2301 514 2368 silicula
533 2299 614 2368 salu
634 2300 734 2368 lineas
754 2303 860 2388 longa.

97 2411 165 2470 Hab.
185 2411 214 2468 ln
235 2409 345 2467 Persia
359 2409 434 2484 jugo
452 2407 560 2466 Elbrus
578 2407 655 2464 inter
672 2406 840 2465 Asterabad
859 2415 887 2464 el
905 2406 1058 2466 Schahruu
1078 2407 1230 2488 (Bungel).

365 2639 558 2715 unurnru
585 2639 651 2734 (ne.
681 2639 762 2733 syc.
789 2639 836 2728 n,
861 2661 890 2734 p.
914 2639 1003 2734 aas).

104 2833 191 2922 Calyx
223 2841 350 2897 erectus
381 2828 449 2895 basi
482 2828 625 2916 aequalis.
661 2827 767 2895 Pelala
787 2829 886 2895 bifida
905 2830 988 2896 alba.
1023 2831 1199 2908 Filamenla
1222 2837 1324 2907 libera

62 2923 210 3002 edentula,
243 2919 368 2985 silicnla
395 2917 639 3002 cvalccblcnga
665 2917 714 2982 vel
739 2916 881 2984 linearis.
904 2956 948 2966 -
969 2919 1085 2988 Herbae
1105 2944 1220 2992 annuae
1241 2927 1325 2994 loliis

63 3010 153 3096 panis
174 3007 343 3088 casularia,
366 3005 470 3092 scapis
489 3004 620 3072 nanisa
645 3004 757 3092 hyllis
778 3005 914 3072 llcribus
934 3007 1067 3074 minulis
1087 3011 1179 3078 albis.
1203 3055 1246 3062 -
1264 3015 1324 3082 Ge-

61 3117 111 3166 nus
129 3119 146 3165 a
164 3098 275 3164 braca
295 3095 407 3162 eadem
428 3099 503 3160 nola
522 3097 585 3181 qua
635 3103 759 3160 erlerou
779 3095 819 3160 ab
840 3094 955 3181 Alpsso
974 3095 1173 3166 distinctum.

433 3301 451 3336 ⁴*
475 3300 603 3360 Siliculee
627 3299 717 3358 loculi
736 3295 801 3360 7-8
819 3303 938 3376 spermi.

96 3490 137 3556 E.
162 3485 353 3556 minima
372 3481 506 3572 (unu.
528 3481 598 3548 lnd.
620 3479 715 3546 Cauc.
739 3501 768 3567 p.
793 3479 872 3569 llll)
893 3479 976 3548 loliis
997 3482 1174 3553 linearibus
1194 3485 1328 3575 integris

62 3578 100 3642 rel
120 3575 259 3644 dentalis
278 3573 364 3661 pube
384 3567 521 3659 simplici
541 3568 683 3648 birlulia
716 3567 829 3656 petalis
856 3571 962 3658 calyce
986 3569 1035 3636 vix
1055 3573 1153 3662 duplo
1173 3576 1329 3662 longiori-

62 3663 126 3748 bus,
147 3685 243 3752 scapo
263 3659 468 3743 brevissimo,
490 3656 621 3724 siliculis
641 3657 703 3722 lale
723 3655 871 3744 clliplicis
891 3657 1062 3744 turgidulis
1085 3670 1136 3742 Θ.

99 3775 174 3834 Hab.
192 3775 222 3832 in
241 3773 328 3834 cultis
344 3770 438 3845 Syriae
449 3770 486 3827 ad
503 3767 621 3843 Aleppo
642 3765 704 3845 (Ky
721 3781 786 3824 exs.
808 3762 847 3825 7l
865 3767 920 3826 sub
937 3767 972 3827 Ε.
990 3771 1090 3846 cana,
1109 3771 1272 3853 Hausskl),
1291 3777 1330 3834 ad
1388 3847 1399 3861 .

63 3861 233 3923 Damascum
251 3869 281 3921 et
308 3863 338 3920 in
366 3857 481 3918 Libano
510 3853 599 3937 (Gaill
614 3854 657 3932 ll,
676 3857 707 3914 in
733 3873 818 3931 prov.
846 3855 1111 3920 Transcaucaeicis
1140 3861 1220 3922 circa
1246 3865 1331 3926 Baka

223 3955 229 3992 r

63 3947 326 4130 (elirbilgbyisboliis
343 4050 504 4110 linearibus
518 4065 596 4123 saepe
615 4043 742 4109 8-91rn.
761 4047 859 4121 longis
884 4041 955 4128 'lsi
976 4048 1029 4112 lin.
1049 4050 1130 4111 latis.

398 4255 416 4290 ὃ*
440 4254 458 4289 ⁴*
482 4255 611 4315 Siliculae
628 4255 716 4314 loculi
734 4250 838 4316 16-24
853 4255 974 4328 spermi.

104 4445 146 4511 E.
163 4458 344 4530 praecox
368 4437 465 4526 (Slcv.
489 4437 582 4504 blein.
606 4436 705 4523 blosq.
728 4435 785 4517 lll,
806 4457 837 4522 p.
860 4434 925 4501 aba
945 4436 1005 4502 sub
1025 4437 1150 4525 brabii)
1172 4440 1256 4508 loliis
1275 4442 1334 4508 ab·

67 4529 164 4617 longis
184 4531 231 4596 vel
251 4527 398 4616 elliplicis
418 4523 639 4614 subpeliolalis
659 4523 744 4611 pube
765 4527 893 4590 ramosa
912 4524 1050 4611 sparsim
1070 4527 1248 4612 scabridis,
1277 4551 1334 4618 pe-
