3242 5186
858 301 924 371 art

291 570 335 636 P.
357 569 725 656 lamproearpum
757 571 881 658 (Bange
912 573 954 658 pl.
979 571 1089 636 Lelrm.
1112 592 1144 658 p.
1168 570 1246 654 ata,
1273 573 1336 638 tab.
1367 569 1416 658 7),
1446 571 1545 637 loliis

247 655 382 722 caulinis
414 655 691 738 lineari-hastatis
725 657 849 726 siliculri
880 659 1037 748 pedicello
1068 659 1191 725 dellero
1210 659 1349 726 breviori
1370 661 1544 746 oblongo-

247 745 384 834 elliptietl
404 744 472 810 basi
494 747 664 814 rotundattl
684 748 721 814 atl
743 747 867 815 discum
888 747 1098 834 glaberrirnd,
1113 748 1259 834 margine
1272 750 1378 816 loculo
1392 748 1543 816 centrali

249 835 350 900 multo
370 834 557 921 angustiore
580 845 630 915 Θ.
1420 833 1432 851 '

292 939 368 1000 Hab.
390 941 419 997 in
445 941 588 999 montosis
612 941 721 1000 Persiae
746 943 1018 1001 austroon'entalis
1051 942 1128 1000 inter
1157 939 1312 1003 Khabbise
1341 949 1371 1002 et
1395 943 1541 1002 Kermau

249 1030 420 1108 (Bangel),
440 1031 468 1088 iu
488 1031 622 1089 arenosis
648 1031 856 1091 Torlrestaniae
882 1033 920 1090 ad
948 1031 1068 1092 fluvium
1094 1031 1239 1108 Jaudarja
1265 1032 1433 1112 (hebui),
1454 1034 1542 1092 inter

248 1118 423 1180 Tasehkent
440 1127 469 1178 et
487 1121 670 1181 Akmesebid
684 1120 840 1199 (Stoddart
851 1116 875 1200 l.

293 1221 416 1282 Sllieula
433 1225 483 1282 vix
501 1221 522 1283 2
539 1225 634 1283 lineas
651 1225 751 1298 longa.
766 1223 866 1284 Simile
885 1226 917 1284 Ρ.
937 1226 1105 1285 medlicaalt'
1122 1224 1194 1284 Kar.
1213 1231 1242 1284 et
1260 1223 1324 1284 Kir.
1337 1225 1417 1300 quod
1431 1225 1542 1285 differt

249 1312 365 1373 siliouli
378 1309 442 1372 ba'si
456 1315 556 1374 retusa
576 1320 606 1374 et
623 1315 705 1374 disco
723 1315 907 1390 pubescenti.

292 1554 336 1620 P.
356 1555 566 1640 brevlpes
597 1553 720 1640 (llunge
752 1556 812 1621 loe.
846 1555 899 1620 eit.
923 1557 988 1622 tab.
1011 1553 1028 1618 7
1050 1557 1088 1643 Α)
1103 1555 1201 1622 loliis
1222 1557 1358 1623 caulinis
1378 1557 1542 1644 oblongis

248 1640 372 1708 obtusis
402 1641 469 1708 basi
502 1643 1030 1730 eordato-serniamplenicaulilnrs‚
1063 1643 1189 1711 siliculai
1220 1644 1375 1732 perlicello
1396 1648 1541 1714 tandem

249 1730 371 1796 dellexo
399 1729 535 1816 longiori
557 1731 806 1815 ovato-oblonga
827 1731 895 1798 basi
918 1733 1088 1799 rotundati
1109 1733 1148 1798 ad
1169 1731 1293 1799 discum
1315 1729 1541 1820 'glaberrima

251 1819 397 1904 margine
418 1819 522 1885 loculo
543 1819 721 1906 angustiori
742 1821 827 1886 ultra
847 1841 920 1886 eum
941 1821 1032 1909 apice
1053 1821 1209 1908 producte
1230 1831 1380 1889 truncato
1406 1831 1460 1903 Θ.

296 1927 372 1986 Hab.
390 1926 419 1984 in
438 1927 581 2002 lapidosis
600 1929 637 1986 ad
655 1927 776 1988 fluvium
794 1927 974 1988 Sarafscban
990 1927 1199 1988 Turkestauiae
1216 1923 1321 2014 (Lehm
1338 1928 1373 2008 l).

296 2030 322 2088 A
341 2031 517 2104 precedenti
536 2031 653 2090 silicula
670 2033 801 2090 breviter
819 2031 998 2106 pedtoettata
1020 2032 1105 2106 apice
1130 2033 1209 2091 ultra
1232 2033 1361 2094 loculum
1378 2036 1542 2110 angustio·

253 2137 313 2178 rem
332 2121 360 2177 in
378 2121 572 2194 appendicem
589 2127 753 2180 truncatam
774 2123 921 2196 prodeatis
937 2122 1116 2182 distinctum.

295 2216 330 2299 β.
352 2213 494 2280 Persica.
517 2213 646 2281 Silieule
665 2215 1043 2302 oblonga-subquadrata
1062 2235 1202 2304 superne
1222 2238 1287 2284 non
1308 2218 1416 2284 latior.

296 2322 373 2382 Hab.
392 2322 421 2378 in
441 2320 545 2379 Persia
561 2320 776 2380 bon-orientali
795 2323 833 2378 ad
847 2321 1001 2380 Sebabrud
1018 2321 1172 2396 (Burget).

296 2563 340 2630 Ρ.
358 2563 712 2631 heterotriohum
734 2563 857 2648 (llunge
880 2563 911 2627 in
928 2563 1002 2646 litt.)
1023 2561 1107 2627 loliis
1127 2561 1283 2644 oblongis·
1298 2561 1365 2626 basi
1390 2562 1545 2628 cordata

252 2650 631 2738 semiamplexieaulibus,
643 2649 766 2716 silicultl
780 2651 936 2738 pedicelle
948 2651 1078 2717 tandem
1091 2651 1214 2716 dellexo
1229 2649 1366 2735 longiori
1380 2649 1546 2730 oblongo-

252 2739 470 2826 subquadretrl
491 2739 558 2806 basi
582 2739 750 2805 retundatil
772 2739 810 2805 ad
832 2739 954 2805 discum
969 2738 1242 2827 papillose-lrirtrl‚
1257 2737 1466 2823 marginibus
1480 2739 1544 2804 sub

252 2829 337 2894 lente
363 2827 529 2914 puberulis
554 2828 659 2894 leculo
679 2828 921 2912 angustioribus
941 2829 1026 2894 ultra
1047 2849 1121 2893 eum
1142 2827 1233 2914 apice
1252 2826 1422 2914 productis
1443 2836 1543 2893 trun-

253 2915 331 2982 catis
355 2923 404 2995 Θ.

297 3024 373 3082 Hab.
392 3023 431 3082 ad
448 3023 599 3082 Schalrrad
621 3024 733 3082 Persiae
750 3023 985 3082 bon-orientalis
1004 3013 1166 3100 (Rungel).

296 3124 391 3183 Valde
408 3123 495 3182 affine
513 3143 573 3183 var.
591 3121 624 3203 β.
641 3125 836 3200 praecedentis
853 3143 871 3182 a
890 3127 949 3199 qua
966 3125 1137 3184 indumento
1156 3129 1268 3183 tantum
1285 3124 1394 3182 differt.

482 3381 703 3456 Sllllllllllll
729 3381 827 3474 (best.
854 3381 961 3454 lauru.
989 3380 1055 3453 bot.
1084 3379 1138 3465 ΙΙΙ,
1163 3401 1192 3474 p.
1218 3377 1305 3472 llll).

295 3603 389 3689 Calyn
416 3611 528 3688 patens
555 3599 622 3666 basi
652 3599 795 3688 aequalis.
826 3599 931 3666 Petala
951 3601 1287 3687 oblongo-spathulas
1308 3599 1537 3687 unguiculata.

251 3689 393 3756 Stamina
420 3689 521 3756 libera
547 3689 709 3755 edentula.
739 3687 869 3754 Silicula
895 3688 1099 3756 indelriscens
1125 3688 1272 3756 coriaeea
1292 3689 1340 3754 vel
1360 3689 1539 3758 chartacea

251 3799 418 3867 nunquam
432 3777 580 3864 fungosa,
593 3777 660 3844 basi
675 3777 819 3858 cordata,
830 3777 879 3842 alei
892 3775 1061 3862 marginali
1075 3778 1138 3843 lata
1150 3777 1398 3843 membranacea
1412 3776 1538 3858 cincta,

251 3867 354 3933 leculo
368 3865 516 3932 coriaceo
531 3868 577 3932 vel
595 3865 844 3932 membranaceo
858 3865 1116 3953 dorsoutrinque
1126 3865 1270 3932 carinula
1280 3866 1328 3931 vel
1341 3865 1401 3938 alis
1414 3886 1455 3932 eo
1467 3867 1540 3932 bre-

251 3955 394 4020 vioribus
414 3954 656 4038 angustioribus
677 3953 838 4018 interdum
859 3953 975 4020 obsite.
1000 3952 1104 4042 Stylus
1125 3953 1295 4020 fililormis.
1319 3952 1440 4020 Semen
1461 3955 1538 4021 uni-

251 4065 322 4109 curu
345 4043 532 4130 prurdulunr.
565 4043 772 4131 Cotylerlones
795 4062 942 4108 concavae
970 4042 1194 4108 incumbentes
1214 4081 1257 4090 —
1277 4042 1393 4108 llerbae
1415 4064 1539 4110 annum

249 4131 371 4216 glabrae
390 4133 511 4216 glaucae
532 4132 615 4198 loliis
629 4130 762 4216 integris
775 4129 921 4214 oblongis
934 4129 1069 4196 caulinis
1082 4129 1535 4217 conlate-arnplesieaulibuS,

251 4220 387 4288 racemis
407 4220 610 4302 abramaeae,
625 4219 789 4308 pedicellis
802 4219 975 4286 lructileris
988 4219 1131 4300 dellenia
1146 4218 1282 4286 floribus
1295 4218 1414 4306 pallide
1428 4219 1534 4288 ilaris.

249 4309 419 4376 -Genus
440 4307 559 4374 lstttidt'
589 4328 794 4394 summopere
821 4307 918 4373 aliine
946 4307 986 4372 ab
1017 4313 1054 4373 ea
1075 4307 1347 4374 leculo'ecriaeee
1367 4309 1415 4374 vel
1438 4309 1536 4376 ebar-

249 4407 339 4464 taceo
352 4399 391 4464 ad
406 4398 538 4464 dorsum
553 4399 635 4463 alate
648 4398 696 4464 vel
709 4395 853 4462 carinato
873 4397 928 4462 sed
949 4416 1114 4482 nunquam
1135 4398 1283 4482 tungoso,
1306 4395 1435 4463 silieulti
1454 4399 1536 4486 style

248 4484 391 4553 fililermi
413 4507 472 4553 nec
491 4486 639 4571 stigmate
660 4484 763 4552 sessili
785 4489 934 4571 superata
954 4483 1152 4550 distinctum.
