3242 5186
832 340 897 408 tou

225 479 377 568 longiori,
399 479 514 568 sepelis
534 479 854 546 lineari-lanceolatis
875 481 978 567 petala
994 480 1310 568 lutoneequantibns,
1333 479 1511 546 filamentis

227 569 349 635 minuto
376 567 552 657 asperuliS,
580 569 709 655 cupsnlrl
737 573 841 634 crecta
869 569 1120 655 ovato-oblonga
1145 567 1317 635 tridentata
1337 571 1379 653 (a)
1400 565 1505 634 Rchb.

226 657 368 834 ἓίᾷὅὲϋι.
390 657 479 745 iacq.
507 657 614 722 Attstr.
638 656 703 722 tab.
726 654 802 722 353.
830 657 869 722 R.
898 657 1080 744 orthostplu
1104 655 1137 724 C.
1167 656 1255 724 Koch
1281 656 1372 724 Linn.
1402 654 1504 736 1845,

270 853 346 913 Hab.
364 852 472 927 ubique
487 852 517 909 in
535 851 622 912 ctrltis
641 857 670 910 et
687 850 837 912 derelictis
852 870 870 910 a
887 850 1005 912 Graecia
1023 853 1061 910 ad
1080 869 1166 927 prov.
1186 851 1373 922 Caucasicas,
1388 851 1508 926 Syriam

226 949 256 1002 et
274 943 464 1002 Palaestinam
482 937 628 1020 (Roscii),
648 941 779 1000 Persiam
799 942 950 1000 borealem
965 947 994 1000 et
1013 942 1172 1002 australem
1191 936 1279 1024 (Kyt
1299 933 1403 1002 Auchi
1419 941 1441 1020 ).
1460 941 1507 1000 rt.

225 1039 288 1093 rest.

271 1134 394 1198 Multum
414 1135 510 1195 variat
526 1133 629 1191 viridis
648 1133 694 1191 rel
712 1133 917 1208 glaucescens,
936 1134 1062 1194 flaccida
1074 1135 1122 1194 vel
1135 1136 1239 1195 stricta
1255 1141 1284 1192 et
1301 1135 1412 1209 rigida,
1425 1133 1507 1192 foliis

226 1227 319 1288 semel
335 1227 382 1285 vel
408 1227 452 1285 bis
471 1224 608 1296 tenuatis,
627 1223 744 1284 laciniis
764 1224 831 1298 plus
850 1226 981 1284 minusve
997 1225 1150 1300 angustis,
1170 1225 1301 1301 capsulis
1319 1223 1433 1297 glabris
1452 1224 1502 1282 vel

226 1318 265 1378 ad
280 1317 406 1392 angulos
422 1313 587 1391 papillcsis,
606 1313 923 1388 oblongo-cylindricis
940 1316 988 1374 vel
1006 1315 1188 1376 abbreviatis
1206 1315 1356 1389 oblongis.

271 1415 307 1497 β.
329 1419 461 1478 noturus
486 1409 624 1496 Capsnla
642 1407 823 1474 subnotans
843 1409 890 1474 vel
909 1409 1062 1495 pendula.
1092 1408 1131 1475 tt.
1158 1411 1270 1478 clausa
1294 1408 1397 1476 Rcbb.
1428 1407 1504 1476 lise.

228 1501 261 1568 in
282 1501 370 1568 ttutt.
394 1499 478 1566 Mon.
501 1519 533 1586 p.
557 1496 632 1563 ttiu.

272 1609 349 1668 Hab.
369 1608 398 1665 in
419 1607 521 1666 Persia
539 1605 635 1683 (herb.
653 1600 780 1683 Rcubtl,
800 1621 893 1678 prcpe
911 1603 1049 1664 Teberan
1069 1604 1134 1684 (Ky
1149 1623 1211 1664 exs.
1234 1603 1278 1667 55
1288 1598 1331 1686 1),
1351 1604 1430 1663 inter
1448 1603 1508 1662 Te·

228 1699 320 1758 heran
339 1703 368 1756 ct
390 1697 509 1770 l'abris,
526 1713 621 1770 prope
639 1693 785 1768 Ispahan,
802 1700 832 1752 et
844 1694 872 1752 in
891 1712 975 1769 prov.
992 1693 1169 1754 Kborassan
1190 1694 1346 1774 (Bungel).

270 1799 395 1858 Videtur
413 1815 494 1856 mera
511 1796 636 1854 variatio
655 1794 688 1854 tt.
706 1795 790 1854 luteae
808 1794 933 1870 quacum
955 1793 1178 1857 characteribus
1205 1797 1342 1856 loliorum
1364 1801 1394 1856 ct
1413 1795 1509 1856 caulis

227 1891 348 1948 omniuo
372 1885 519 1962 congruit.

271 1987 332 2052 Δτ.
355 1987 480 2065 (10031.
505 1989 627 2064 Europa
644 1987 741 2047 media
760 1995 790 2046 et
807 1989 955 2047 australis.
975 1987 1079 2048 Africa
1097 1989 1239 2048 borealis.

270 2251 316 2320 R
337 2251 556 2320 Kahirina
577 2249 678 2334 (Muli.
696 2247 779 2314 Mon.
820 2299 826 2312 .
845 2245 937 2334 176),
959 2247 1168 2335 gleberrima,
1190 2247 1274 2314 loliis
1293 2247 1507 2315 interioribus

226 2351 258 2408 et
284 2338 487 2407 intermediis
516 2268 918 2425 1000001010-1011111110111
945 2335 1080 2424 integris
1107 2336 1330 2426 superioribus
1354 2337 1505 2418 ternatis,

227 2427 364 2496 racemis
383 2427 581 2510 tariuscutis,
603 2425 766 2514 pedicellis
785 2425 865 2492 llere
885 2424 1100 2512 longioribus,
1122 2425 1239 2516 sepelis
1257 2423 1506 2493 linearicblcn·

223 2517 272 2606 gis
299 2517 453 2584 corollam
477 2515 582 2583 albam
615 2515 900 2603 subaequantibuS,
933 2515 1113 2602 petalorum
1141 2514 1348 2670 angariorum
1375 2514 1506 2582 laciniis

224 2605 411 2674 lateralibus
430 2604 614 2673 semiovatis
633 2603 792 2704 profunde
812 2602 935 2685 incisis,
948 2602 1120 2671 filamentis
1133 2605 1184 2692 gla
1209 2603 1266 2686 riS,
1280 2603 1414 2690 capsula
1426 2602 1510 2670 cbo»

182 2747 185 2754 .
224 2699 296 2763 vata
315 2694 426 2782 glabra
448 2693 590 2760 breviter
609 2692 783 2760 tridentata
802 2711 859 2758 ore
879 2690 1116 2760 subconstricta
1139 2701 1191 2773 Θ.

269 2801 346 2860 Hab.
359 2801 388 2859 in
408 2805 506 2860 moute
524 2799 687 2860 Mokattam
705 2797 743 2857 ad
761 2797 905 2857 Kahiram
918 2798 1046 2873 AEgypti
1064 2799 1128 2876 (ΚΥ
1146 2815 1208 2858 ess.
1228 2795 1337 2874 5541).

164 2971 170 2976 ,
270 2905 388 2964 Pertalis
406 2905 453 2963 vel
472 2905 587 2979 elatior,
607 2902 700 2962 facies
716 2899 751 2962 ll.
769 2901 914 2962 Balenae.

268 3000 315 3084 β1
334 2997 501 3065 Boissicri.
524 2995 681 3080 Humilia,
711 2995 786 3063 lolia
805 2995 990 3078 obtusiora,
1018 2995 1145 3063 laciniae
1172 2995 1322 3085 calycinre
1347 2996 1506 3084 oblongo·

225 3089 428 3170 satbulatse,
453 3088 591 3174 capsulae
620 3083 801 3174 (juniores)
829 3105 886 3152 ore
913 3085 974 3152 late
1001 3094 1133 3173 apertae.
1163 3083 1202 3150 R.
1232 3085 1389 3151 Boissicri
1417 3085 1502 3152 llull.

257 3197 310 3243 on.
333 3197 364 3264 p.
388 3174 466 3258 175,
488 3175 543 3262 fig.
567 3172 644 3240 117.

268 3283 346 3342 Hab.
365 3282 394 3340 in
414 3281 548 3356 AEgypto
567 3280 644 3338 iuter
659 3277 802 3338 Kabiram
819 3283 849 3338 et
868 3277 944 3338 Sues
964 3267 1109 3356 (Boissl).

269 3384 316 3442 Ex
334 3383 420 3442 unico
439 3379 601 3457 specimine
618 3379 750 3438 florifero
768 3379 933 3456 descripta,
951 3397 989 3438 ex
1006 3380 1087 3439 claro
1110 3383 1232 3442 auctore
1253 3397 1273 3438 a
1296 3378 1331 3440 11.
1357 3379 1508 3443 1101111100

225 3474 337 3548 sepelis
355 3470 532 3548 spathulatis
557 3475 586 3530 et
603 3467 726 3544 capsula
742 3469 918 3528 abbreviata
937 3467 1024 3544 apice
1045 3485 1105 3527 non
1132 3468 1294 3529 constricta
1312 3471 1433 3530 diversa
1451 3473 1508 3534 sed

224 3563 283 3622 illae
301 3569 378 3624 notae
395 3561 495 3621 forsan
513 3579 550 3620 ex
569 3566 647 3619 statu
666 3557 778 3635 juniori
796 3557 968 3634 speciminis
985 3563 1058 3618 orlae
1080 3566 1157 3621 sunt.
1175 3558 1280 3618 Patala
1291 3558 1396 3619 eadem
1407 3578 1416 3640 3
1429 3561 1508 3622 inter

224 3653 327 3712 aflines
345 3651 461 3711 laciniis
477 3649 651 3726 profundius
668 3647 770 3709 incisis
787 3647 941 3708 notabilia.

268 3911 315 3978 R.
336 3907 575 3996 globulosa
593 3901 701 3992 (Fisch
721 3914 753 3970 et
772 3903 852 4003 Meg.
868 3903 938 3970 ind.
955 3903 992 3970 ttt
1013 3903 1141 3992 Petrop.
1164 3903 1258 3973 Linn.
1274 3907 1345 3990 llll,
1360 3929 1392 3996 p.
1409 3908 1501 3999 167).

223 3996 441 4085 glabriuscnla
461 3997 556 4077 elata,
578 3992 662 4059 loliis
682 3990 742 4058 3-5
755 3991 881 4080 partitis
893 3991 1019 4059 laciniis
1032 3993 1238 4081 superiorum
1252 4007 1387 4083 anguste
1402 3997 1505 4065 lincu-

224 4088 328 4168 11001,
350 4084 488 4152 racemis
509 4080 692 4149 laxiusculis
712 4081 844 4147 demum
870 4081 1044 4168 elongatis,
1071 4082 1234 4170 pedicellis
1261 4083 1340 4151 llorc
1368 4096 1401 4152 et
1430 4107 1505 4174 cap·

223 4177 294 4243 sule
312 4173 526 4261 longioribus,
540 4168 1350 4258 1001111011000010110001011110101110011101ου00
1369 4174 1506 4242 dimidio

223 4262 439 4343 brevioribus,
461 4261 642 4348 petalorum
662 4258 869 4346 superiorum
890 4257 1015 4324 laciniis
1034 4258 1220 4328 lateralibus
1239 4262 1414 4349 repandis,
1434 4263 1505 4331 fila-

223 4353 341 4420 mentis
378 4349 518 4452 glabris,
553 4345 692 4435 capsulis
728 4345 834 4433 parvis
869 4346 985 4412 erectis
1022 4347 1143 4435 glabris
1177 4349 1505 4440 globoso-depressis

223 4442 410 4508 sersnlcntrs
440 4437 500 4506 snb
526 4456 583 4502 ore
609 4443 702 4501 acute
728 4433 901 4501 tridentato
925 4445 1012 4503 arcte
1039 4434 1219 4504 constrictis
1249 4447 1299 4519 Θ.
1336 4439 1380 4506 lc.
1415 4440 1501 4508 ltutt.

223 4529 279 4616 lig.
302 4525 380 4616 tac.
