3156 5176
862 369 927 438 ert

705 619 722 654 i
746 618 764 652 ⁴*
788 617 805 652 ³*
830 618 952 694 Species
971 635 1083 676 annum.

297 798 344 863 A.
358 797 541 884 Bunqel,
557 800 642 886 pube
656 801 794 888 lepidotd
814 822 1000 882 canescens
1020 800 1110 866 carde
1124 819 1209 865 uano
1222 796 1362 884 simplici
1376 796 1423 862 vel
1437 816 1528 882 parce

253 904 382 952 ramoso
401 885 468 953 lere
488 887 591 954 abrasi
612 888 645 954 in
666 909 831 956 racemum
853 890 980 956 brevem
1002 889 1132 955 tandem
1152 887 1364 954 lariusculnm
1385 884 1527 963 abeunti,

253 972 338 1038 soliis
363 974 467 1061 parvis
493 970 652 1062 pctiolatis
678 977 817 1062 oblongo
829 977 1014 1044 linearibus
1046 975 1181 1054 obtusis,
1215 973 1352 1040 lloribus
1372 971 1525 1054 minimis,

252 1061 366 1148 petalis
387 1063 513 1149 pallidis
532 1065 805 1133 lineari-arcuatis
826 1068 965 1156 calycem
985 1087 1050 1132 non
1071 1063 1324 1144 excedentibus,
1358 1061 1525 1128 filamemis

127 1173 131 1188 ·
252 1149 429 1302 appendice
450 1151 626 1219 lanceolata
646 1153 679 1220 in
700 1155 878 1242 majoribus
899 1155 1039 1222 breviter
1057 1152 1172 1220 coalitrl
1192 1153 1225 1218 in
1246 1149 1430 1216 minoribus
1455 1149 1526 1215 sul·

252 1236 272 1301 lr
300 1243 354 1304 era
374 1239 495 1322 auctis,
524 1239 658 1308 siliculis
679 1243 843 1330 pedicellis
863 1242 1107 1331 erecto-patulis
1127 1240 1174 1306 eis
1193 1238 1399 1306 brevioribus
1419 1237 1526 1302 suffiri-

251 1325 293 1392 tis
312 1327 397 1414 pube
417 1327 554 1414 simplici
575 1351 589 1395 s
614 1331 712 1398 arsim
734 1331 826 1398 hirtis
847 1331 980 1399 minutis
1001 1352 1017 1397 e
1035 1329 1104 1397 basi
1118 1332 1253 1396 cuneata
1266 1326 1429 1414 elliptiels,
1451 1327 1526 1413 stylo

251 1413 377 1481 silicula
396 1417 578 1504 quadruplo
591 1352 752 1500 lrreviori,
774 1420 953 1486 seminibus
973 1419 1093 1508 apteris
1117 1425 1167 1497 Θ.

296 1519 373 1580 Hah.
388 1521 417 1578 in
435 1521 539 1582 Persici
554 1523 630 1582 inter
650 1525 780 1600 Ispahan
798 1531 827 1582 et
844 1525 981 1585 Teheran
998 1523 1113 1602 (Bonge
1124 1518 1160 1604 l).

296 1623 401 1682 Planta
420 1625 622 1700 bipollicaris‚
641 1645 776 1688 racemus
800 1627 1070 1703 sesquipolliearis,
1100 1623 1225 1684 siliculae
1252 1622 1465 1698 sesquilineam
1484 1624 1526 1680 vix

249 1712 354 1786 longae.
374 1713 496 1788 Species
523 1714 642 1788 habitu,
664 1717 787 1776 floribus
804 1723 833 1775 et
850 1719 958 1792 petalis
977 1715 1179 1775 minutissime
1203 1711 1319 1788 Alpaata
1335 1712 1443 1770 annuis
1461 1711 1525 1771 Sec-

249 1802 338 1862 tionis
355 1803 495 1878 Euotpsei
512 1823 538 1862 v.
557 1825 587 1880 g.
610 1803 644 1864 A.
664 1804 866 1867 Saowitsiaao
886 1807 1002 1878 similis,
1021 1805 1213 1866 artificialiter
1232 1805 1308 1861 inter
1328 1799 1525 1861 Odoatcrrle-

249 1909 305 1951 aas
322 1894 489 1953 oblocutos
508 1896 695 1955 uniovulatos
714 1897 871 1958 collocata.

250 2060 343 2128 Sscr.
372 2063 420 2129 lV.
451 2064 653 2130 llunnrssuu.
681 2066 824 2133 Siliculu
847 2064 1110 2132 corroeaotocods
1132 2062 1317 2129 diovulutr's.
1345 2060 1526 2127 Filcmcatn

496 2153 610 2234 aluta,
643 2155 774 2222 dentata
801 2157 848 2221 cel
871 2153 1145 2241 appendiculum,
1169 2151 1340 2217 rarissime
1361 2151 1522 2216 edentulo.

251 2315 269 2351 ⁴*
293 2317 417 2393 Species
437 2337 591 2393 perennes.
618 2351 661 2365 —
686 2319 766 2378 Grex
795 2319 940 2394 difficilis,
959 2335 1098 2377 numerus
1116 2317 1283 2391 specierum
1312 2315 1416 2375 forsan
1444 2317 1526 2373 nimis

386 2409 606 2484 multiplicatus,
625 2409 812 2468 characteres
822 2415 919 2468 tamen
934 2409 1176 2466 etilamentorum
1193 2404 1343 2464 structura
1360 2405 1524 2479 deprompti

389 2498 462 2556 satis
480 2499 555 2557 firmi
573 2499 720 2558 videntur.

362 2687 386 2764 †
411 2685 576 2746 Pilamenta
594 2685 709 2762 maj0ra
729 2687 849 2744 dentata
868 2685 915 2742 vel
934 2684 982 2742 alia
998 2685 1123 2759 abrupte
1141 2683 1278 2743 truncatis
1290 2682 1413 2742 donata.

293 2847 340 2914 A.
364 2853 631 2916 montanum
650 2845 699 2932 (L.
723 2844 775 2932 Sp.
798 2843 877 2932 907)
898 2843 1059 2911 virescens
1079 2847 1126 2910 rel
1147 2845 1219 2931 plus
1232 2843 1522 2924 minusvecanum‚

250 2934 349 3000 ramis
369 2935 500 3022 pumilis
519 2933 769 3001 ascendentibus
789 2933 958 3000 herbacois
978 2934 1027 2998 vel
1047 2932 1116 2998 basi
1136 2931 1456 3012 suilrutescemihus,
1477 2930 1492 2994 l
1510 2967 1522 2977 -

250 3022 301 3088 liis
325 3023 414 3090 canis
440 3022 738 3108 elevato-oblongis
765 3023 812 3087 vel
840 3020 1187 3102 chionen-linearibus,
1220 3019 1404 3106 petalorum
1424 3019 1527 3106 calyce

249 3111 346 3196 duplo
366 3111 550 3196 longiorum
572 3110 670 3176 limbo
690 3121 800 3176 retuso
820 3110 915 3190 llavo,
937 3073 1108 3176 lilameutis
1128 3107 1307 3194 majoribus
1328 3108 1377 3173 alei
1394 3105 1524 3172 uuilata-

250 3199 309 3264 rali
330 3203 428 3284 supra
447 3199 591 3266 medium
611 3198 644 3263 in
665 3198 725 3264 le
745 3198 858 3264 dentes
886 3197 1017 3263 abeunti
1046 3195 1228 3264 minorihus
1256 3194 1325 3261 basi
1352 3193 1524 3282 appendice

249 3285 353 3353 liberal
372 3287 498 3374 integral
517 3287 565 3353 vel
587 3285 751 3352 hidentota
771 3285 886 3368 auctis,
909 3305 1038 3352 racemo
1057 3284 1224 3351 lructilero
1238 3283 1309 3370 plus
1322 3282 1430 3348 minus
1442 3282 1525 3348 elon-

249 3385 338 3458 gato,
360 3374 485 3442 silicula
503 3377 575 3463 plus
595 3373 703 3440 minus
723 3374 864 3461 lepidotrl
883 3373 1018 3440 obovatal
1037 3375 1087 3438 uel
1106 3371 1286 3439 orbiculata
1306 3375 1427 3450 retusa,
1448 3370 1525 3457 stylo

250 3461 375 3548 siliquae
395 3464 577 3550 aequilongo
597 3461 645 3528 vel
665 3461 820 3544 breviori,
852 3461 1032 3528 seminibus
1058 3469 1194 3546 anguste
1220 3458 1313 3524 alatis
1338 3460 1386 3524 vel
1410 3457 1523 3544 apteris

258 3560 304 3624 2⁶.
338 3549 462 3637 Specioi
493 3549 712 3639 polymorphae
744 3550 857 3616 formae
883 3561 1055 3636 sequentes
1081 3547 1263 3636 praesertim
1290 3545 1523 3634 distinguendae

251 3647 337 3702 sunt.

296 3769 327 3804 α.
350 3738 541 3824 pecudeae.
564 3737 639 3803 Plus
659 3736 766 3802 minus
786 3756 973 3818 canescens,
989 3735 1066 3802 lolia
1078 3733 1382 3820 oblongo-linearia,
1396 3731 1523 3799 siliculae

250 3823 437 3912 majusculae
456 3825 554 3892 diam.
578 3823 694 3910 ΓΗΖ
714 3823 816 3890 lineas
834 3824 918 3890 latae.
942 3823 988 3890 lc.
1013 3823 1114 3890 Rchb.
1138 3823 1160 3888 f.
1182 3819 1283 3888 tart.

295 3930 372 3990 Hab.
393 3931 424 3988 in
447 3931 533 3990 siccis
561 3931 709 3988 montanis
728 3927 850 3988 Graeoias
878 3931 908 3987 in
935 3931 1084 3988 montibus
1101 3927 1229 4001 Kyllene
1247 3919 1376 4010 (Heldrl
1397 3914 1523 4006 Orphl),

251 4021 368 4078 Malevo
386 4017 481 4100 (Orplr
496 4014 529 4101 l),
548 4021 660 4078 Parnes
673 4019 781 4095 (Haldr
792 4017 827 4096 i),
845 4017 1027 4078 Macedoniae
1044 4015 1140 4094 (Or-ph
1153 4005 1189 4095 l),
1208 4016 1355 4076 Anatoliae
1371 4015 1409 4074 ad
1424 4013 1521 4072 Tokat

251 4115 282 4169 et
298 4109 457 4168 Sairanbol
471 4108 618 4186 (Wiedem
630 4105 664 4184 l),
683 4106 777 4182 Syriae
793 4109 823 4165 in
840 4113 939 4166 monte
955 4106 1058 4167 cassio
1072 4106 1172 4183 (Boias
1182 4104 1204 4182 l)
1221 4109 1251 4163 et
1262 4104 1378 4164 Libano
1395 4103 1431 4161 ad
1441 4102 1524 4161 Edon

253 4189 392 4281 (Gailll),
410 4197 526 4256 Taurios
546 4184 674 4275 (Stevl),
694 4194 821 4255 Caucasi
838 4202 868 4256 et
884 4213 969 4271 prov.
989 4194 1123 4271 Talysch
1141 4189 1203 4278 (ex.
1221 4192 1401 4271 ennea).

294 4293 329 4377 β.
358 4291 572 4376 Hymettium.
597 4291 805 4376 Argenteum,
828 4289 902 4356 lolia
918 4288 1066 4369 linearia,
1087 4308 1236 4356 racemus
1251 4288 1397 4355 fructifer
1408 4284 1523 4352 abbre-

202 4392 207 4399 '
253 4379 370 4461 viatus,
392 4381 492 4467 stylus
513 4379 646 4446 siliculae
667 4377 821 4443 mediocri
841 4378 1056 4464 aequilongus.

253 4485 431 4656 (Hlllpbppn
454 4483 576 4543 Graeoiae
605 4488 704 4542 monte
729 4482 868 4556 Hymetto
888 4479 1001 4562 (duola.
1030 4499 1094 4540 exe.
1126 4478 1212 4544 276!
1238 4469 1349 4556 spiri),
1379 4479 1522 4536 Parnasso

298 4593 313 4634 a
348 4591 406 4636 r..
