3276 5200
685 390 750 458 555

602 663 619 698 ὓ
643 663 661 699 ³*
685 665 845 724 Perenues.

119 868 167 938 (ὃ.
193 869 532 942 franksnioides
563 872 679 958 (Boiss.
711 872 823 957 Diagn.
853 871 921 939 Ser.
952 871 975 952 l,
1001 871 1026 950 l,
1049 890 1079 957 p.
1102 868 1157 952 tc)
1188 866 1359 954 cespitosa,

77 955 220 1024 breviter
242 969 271 1024 et
293 959 398 1046 patule
417 961 759 1046 glanduloso-birsuta,
796 961 893 1027 ramis
920 957 1071 1026 brevibus
1096 955 1248 1022 tenuibus
1268 975 1360 1043 pros-

76 1043 180 1128 tratis,
204 1047 291 1115 loliis
311 1047 462 1114 brevibus
482 1049 738 1117 subfasciculatis
757 1048 1025 1116 lineari-setaceis
1046 1043 1270 1126 acutiusculis,
1303 1043 1361 1110 llo-

79 1133 167 1201 ribus
193 1135 411 1204 subsolitariis
435 1137 467 1203 in
493 1137 595 1206 axillis
622 1137 845 1226 superioribus
871 1148 903 1204 et
927 1135 1165 1212 terminalibus
1197 1131 1362 1220 pedicollis

78 1223 185 1311 calyce
206 1225 490 1308 subbrerioribus,
518 1229 626 1316 calyce
647 1247 742 1314 parce
764 1228 884 1294 birtulo
906 1235 1040 1311 anguste
1062 1224 1358 1308 tribulosa-campa·

78 1313 187 1378 nulato
208 1313 250 1379 ad
273 1313 398 1380 tertiam
419 1315 595 1404 partemin
617 1316 730 1382 dentes
749 1317 907 1402 oblongos
926 1313 1072 1398 margine
1098 1311 1362 1378 membranaceos

78 1398 211 1468 obtusos
232 1401 323 1482 fisso,
351 1403 466 1491 petalis
493 1403 593 1472 roseis
619 1403 892 1472 lineari-cuneatis
911 1402 1035 1470 obtusis
1055 1402 1162 1490 calyce
1182 1397 1362 1485 sesquilon-

78 1487 245 1589 gioribuS,
275 1493 405 1592 capsula
424 1497 516 1560 ovata
535 1493 640 1582 calyce
660 1491 863 1562 subbreviori
883 1492 967 1557 ultra
988 1488 1130 1557 medium
1150 1485 1361 1576 quadriiulvi,

79 1578 262 1645 seminibus
282 1591 406 1647 uunute
426 1580 637 1648 tuberculatis
669 1593 716 1658 tt.

122 1684 200 1744 Hab.
221 1687 253 1743 ln
270 1688 391 1762 regione
407 1689 508 1762 alpina
531 1687 638 1759 Caria,
657 1687 785 1752 Ocrlmus
805 1687 960 1748 orientalis
976 1705 1066 1763 supra
1084 1685 1207 1744 Kltonas
1224 1681 1262 1740 arl
1280 1682 1363 1740 nives

82 1765 181 1854 (boias
194 1769 229 1852 l).
246 1775 292 1836 tu.
313 1777 382 1836 Jun.
401 1777 460 1838 tut.

123 1875 230 1935 Facies
251 1877 354 1952 leuc'
370 1879 492 1956 serpylli
511 1881 557 1938 vel
574 1879 752 1941 rranttutc
769 1878 964 1938 intermedie.
983 1878 1088 1938 Flores
1111 1869 1179 1958 2¹1,
1198 1874 1248 1934 lin.
1271 1873 1363 1948 longi.

95 1967 268 2026 Transitnm
287 1969 400 2042 praebet
415 1969 491 2028 inter
507 1968 718 2031 Caediculoaoa
735 1976 763 2029 et
778 1969 964 2029 coraustum.

121 2077 155 2159 β.
178 2074 378 2144 libertatico.
413 2075 511 2144 Paulo
531 2077 635 2168 major
654 2089 686 2146 et
704 2077 871 2158 viscidior‚
891 2077 989 2145 llores
1009 2077 1047 2144 ad
1069 2075 1176 2165 apices
1198 2092 1364 2140 ramorum

83 2164 341 2248 numerosiores,
362 2165 509 2253 pedicelli
529 2187 614 2256 smpe
635 2169 742 2258 calyce
763 2165 1000 2253 sublongiores.

126 2269 202 2328 llab.
224 2271 255 2326 in
273 2271 389 2330 saxosis
409 2269 516 2330 lsibani
533 2273 609 2332 inter
626 2273 776 2333 cedrctum
794 2277 823 2330 ct
831 2272 938 2349 jugum
953 2270 1086 2332 Ralbcclr
1103 2270 1154 2330 alt.
1173 2265 1283 2332 5600’
1306 2265 1366 2343 (Ky

82 2388 144 2432 exa.
161 2369 226 2434 551
243 2370 279 2450 l),
297 2373 374 2433 inter
392 2374 509 2435 Dimam
527 2383 557 2436 et
573 2376 730 2453 Yamouny
749 2373 872 2457 (Blancb
883 2367 918 2450 l).

123 2499 155 2558 y.
179 2469 377 2554 [asciculctc
398 2469 513 2556 (boias.
536 2469 650 2558 Diagn.
672 2470 741 2538 Ser.
766 2474 791 2554 l,
811 2469 895 2552 llll,
916 2493 948 2559 p.
964 2469 1034 2557 58).
1058 2469 1147 2538 Folia
1167 2468 1317 2535 breviora
1336 2475 1368 2532 et

83 2555 267 2639 obtusiora,
299 2557 396 2625 llorcs
421 2558 611 2626 brevissime
636 2560 815 2648 pedicellati
836 2560 876 2627 ad
896 2560 1004 2648 apices
1024 2579 1190 2626 cuntorum
1211 2554 1367 2622 subfasci-

84 2645 197 2728 culatl,
219 2647 309 2734 calyx
330 2647 548 2732 glabresecnS,
568 2651 675 2737 petala
693 2649 853 2718 intensius
872 2669 1048 2738 purpurea.
1073 2647 1110 2716 G.
1128 2656 1367 2734 otrcpurpcreo

84 2730 185 2800 Boiss.
209 2734 243 2800 in
267 2734 376 2802 lleldr.
399 2737 441 2824 pl.
465 2758 529 2804 exs.

124 2839 202 2899 llab.
224 2841 255 2897 in
273 2841 393 2915 pascuis
410 2842 499 2902 siccis
524 2844 631 2902 montis
649 2843 773 2903 Starros
790 2843 909 2903 Pisidica
926 2859 1017 2918 supra
1035 2842 1150 2901 lsbarla
1167 2839 1276 2914 (Heldr
1288 2833 1327 2914 l).

533 3101 625 3170 Scor.
650 3103 685 3169 V.
709 3103 915 3171 Bctnurnus.

125 3325 171 3394 G.
195 3326 465 3395 iascioulata
493 3325 632 3412 (Margot
650 3335 681 3392 et
702 3325 793 3391 lleut.
817 3323 910 3390 llam.
933 3321 1003 3389 Soc.
1028 3322 1121 3412 Phys.
1144 3322 1262 3390 Gener.
1285 3321 1370 3402 Vlll,

86 3434 114 3501 p.
137 3412 215 3496 bSl,
239 3413 303 3480 tab.
327 3413 361 3502 l)
395 3413 455 3480 sub
483 3415 568 3480 lente
596 3435 691 3501 parce
716 3411 1018 3498 glanduloso-birta
1051 3411 1120 3478 basi
1141 3410 1372 3477 sullrutescens

86 3501 295 3584 multicaulis,
317 3502 603 3570 caulibuserectis
624 3501 771 3587 rigidulis
791 3501 933 3568 tenuiter
952 3499 1158 3567 fililormibus
1171 3497 1373 3586 simplicibus

85 3591 132 3656 rel
152 3611 248 3678 parce
268 3601 296 3657 et
319 3589 505 3658 dichotome
527 3591 676 3672 ramosis,
699 3589 782 3658 loliis
802 3588 983 3656 camosulis
1004 3586 1293 3656 lineari-subulcus
1314 3586 1372 3652 ob·
1394 3639 1398 3676 ,

86 3678 282 3761 tusiusculis,
315 3679 451 3746 {loribus
478 3678 583 3766 parvis
611 3680 649 3746 ad
678 3679 787 3765 apices
813 3698 981 3744 rainerum
1007 3675 1370 3764 fasciculam-capitatis,

86 3767 248 3855 pedicellis
274 3769 382 3856 calyce
403 3767 627 3850 brevioribus,
656 3769 761 3856 calyce
781 3766 938 3854 pruinoso
958 3777 1095 3851 anguste
1114 3765 1373 3833 tubuloso-cam-

85 3858 236 3956 panulato
262 3856 347 3922 inter
373 3866 478 3923 costas
502 3855 621 3922 virides
647 3855 986 3922 albo-membranaceo
1013 3853 1052 3920 ad
1073 3863 1224 3942 quartam
1244 3864 1370 3941 perlem

87 3965 119 4010 m
139 3945 252 4011 dentes
270 3945 428 4032 oblongos
448 3945 580 4011 obtusos
600 3944 694 4025 lisso,
727 3943 841 4032 petalis
861 3941 942 4009 albis
961 3941 1243 4010 lineari-cuneolis
1263 3941 1373 4030 calyce

87 4033 178 4099 tertia
192 4043 282 4120 parte
296 4032 510 4116 longioribus,
528 4034 659 4120 capsula
671 4030 1001 4121 oblongo-cylindrica
1014 4031 1154 4120 calyeem
1168 4029 1372 4118 subsequenti

87 4121 244 4207 profunde
264 4121 463 4208 quadrivalvi
492 4132 538 4197 ac.
570 4121 648 4208 Scp.
671 4120 865 4206 scocieclutc
885 4119 985 4186 Roiss.
1008 4118 1121 4206 Diagn.
1146 4119 1215 4188 Ser.
1240 4119 1266 4201 l,
1287 4117 1373 4198 Vlll,

89 4229 119 4296 p.
141 4208 183 4276 tt
203 4209 250 4278 lin
271 4211 375 4297 nota).
840 4213 842 4222 ’

132 4315 209 4375 llab.
229 4317 258 4374 in
278 4316 494 4390 campestribus
512 4316 615 4374 insulae
626 4313 771 4390 Zacynthi
792 4305 966 4392 (nargotl).

133 4415 239 4474 Gattlcs
256 4411 339 4478 6-t0
355 4415 525 4492 pollicarcs.
544 4415 619 4476 folia
637 4413 696 4476 Μ
715 4416 765 4474 lin.
786 4417 885 4490 longa,
903 4416 1032 4475 bractea
1048 4416 1177 4474 lineares
1194 4415 1309 4476 obtusa
1321 4432 1370 4490 pe-

91 4503 202 4564 diccllis
218 4507 383 4580 breviores,
403 4507 490 4581 calyx
510 4506 620 4566 lineam
642 4501 703 4584 l¹l⁴
726 4511 838 4565 tantum
857 4506 976 4582 longus.
