3228 5204
856 407 921 473 tlte

297 549 372 608 Hab.
391 551 420 608 in
439 551 525 610 sieeis
543 553 705 626 presertim
726 553 871 612 montanis
889 555 951 612 l'ers
968 552 1056 611 totius
1078 551 1202 610 ditionis
1221 569 1240 610 a
1257 549 1373 611 Gracia
1390 552 1428 610 ad
1457 550 1528 607 Per-

252 641 325 698 siam
342 641 491 698 borealem
511 659 604 716 usque
623 643 650 700 in
669 659 752 716 prov.
771 641 945 701 Klrorassan
967 637 1134 722 (Bungel),
1153 641 1243 717 Syria
1263 641 1375 702 boreali
1398 629 1526 712 (Beiss!

252 728 411 808 danesii),
430 729 518 804 Syriai
535 731 655 790 littorali
675 738 704 792 et
722 731 839 792 Libano
855 721 964 808 (saint
978 731 999 808 ).
1017 731 1065 790 Fl.
1085 738 1200 790 astate.

295 828 353 891 Ar.
377 829 500 910 (leoga.
526 833 647 910 lluropa
663 834 776 912 omnis,
795 833 908 896 Sibiria
926 834 1053 895 Altaiea.

297 1065 346 1130 H.
371 1065 790 1134 aviculariaeiolium
809 1065 918 1152 (laub.
941 1076 972 1132 et
992 1065 1045 1152 Sp.
1069 1065 1123 1131 lll.
1146 1065 1200 1132 Or.
1224 1066 1298 1152 l‚p.
1314 1063 1370 1145 59,
1394 1063 1463 1130 tab.
1478 1060 1533 1148 su)

252 1151 398 1236 glabrum
419 1155 582 1240 glaucum,
609 1153 807 1238 multicaule,
829 1154 975 1221 caulibus
995 1153 1246 1220 ascendentibus
1265 1151 1400 1234 visualis
1418 1151 1534 1236 rigidis

253 1239 415 1307 bilineatis
435 1242 723 1330 nigre-punctatis,
744 1242 828 1310 loliis
854 1242 1013 1330 pellucide
1033 1252 1065 1308 et
1083 1242 1230 1327 margine
1255 1239 1534 1328 nigre-punctalis

252 1329 362 1416 opacis
381 1329 546 1398 sessilibus
566 1353 583 1398 e
611 1330 679 1396 basi
700 1336 870 1417 angustati
888 1330 1067 1397 linearibus
1086 1332 1134 1396 vel
1164 1329 1450 1416 lineari-oblongis
1479 1328 1533 1394 ob

254 1417 354 1500 tusis,
378 1438 478 1506 cymae
498 1419 707 1507 pyramidatae
735 1419 834 1486 ramis
853 1419 1008 1508 oppositis
1035 1419 1167 1486 demum
1186 1417 1424 1486 unilateraliter
1446 1437 1535 1482 raee-

252 1505 371 1588 mosis,
414 1506 555 1574 edieellis
582 1509 689 1607 calyce
708 1505 778 1574 3-la
805 1509 856 1596 plo
888 1507 1108 1590 brevioribus,
1135 1507 1254 1594 sepelis
1284 1506 1407 1575 corella
1440 1505 1535 1592 triple

252 1527 457 1661 brevioriirus
477 1597 661 1662 laneeolabs
692 1595 794 1664 aculis
820 1595 1102 1684 nigro-punctalis
1128 1595 1281 1662 dentibus
1307 1593 1534 1680 glanduliien's

252 1681 405 1750 brevibus
425 1683 559 1752 selaeeis
577 1683 760 1772 pastinatis,
781 1687 911 1772 eapsuld
934 1683 1219 1772 oblongo-conice,
1240 1682 1423 1750 seminibus
1444 1681 1533 1748 inor·

252 1770 387 1838 dinatim
408 1770 790 1859 tuberculatopunetatis
817 1785 864 1848 tt.
886 1773 928 1840 H.
953 1781 1147 1861 purwtotom
1167 1771 1277 1839 Willd.
1299 1771 1352 1859 Sp.
1377 1771 1436 1853 lll,
1460 1790 1531 1857 pag.

251 1857 340 1925 rtet
359 1869 390 1925 et
409 1859 510 1927 herb!
532 1880 599 1928 non
617 1859 706 1927 Leni.

296 1967 373 2026 Hah.
391 1969 420 2026 in
446 1969 535 2030 sieeis
559 1975 589 2028 et
610 1969 797 2044 rupestribus
822 1967 985 2040 Arratolias,
1011 1968 1110 2044 Lydia
1138 1969 1219 2030 eirea
1248 1970 1407 2044 Smyrnam
1438 1983 1533 2042 prope

251 2055 393 2130 Trianda‚
413 2061 443 2118 et
458 2059 487 2117 in
503 2065 603 2118 mente
620 2058 736 2132 Mesogi
753 2057 862 2131 (Auelr.
882 2076 946 2118 eas.
962 2051 1048 2120 901!
1069 2059 1157 2118 Beiss
1171 2055 1204 2132 i),
1224 2076 1310 2118 mons
1327 2057 1461 2117 Cadmus
1481 2055 1531 2114 ca-

251 2146 303 2205 riae
319 2147 418 2218 (Boios
430 2144 464 2228 l),
482 2146 604 2208 Galatia
621 2147 746 2226 (Willdi
765 2147 901 2208 Wisdem
912 2144 945 2230 l),
965 2147 1061 2224 Lyeia
1084 2149 1122 2207 ad
1148 2147 1268 2208 Elmalu
1285 2142 1440 2224 (Bourgil‚
1461 2145 1530 2204 Pisi-

252 2235 302 2294 dia
319 2229 475 2320 (Heldril.
493 2237 540 2296 st.
559 2238 657 2296 lunio.

295 2335 416 2412 Pedale,
434 2338 580 2412 glandule
598 2337 636 2396 ad
656 2337 818 2411 marginem
837 2336 1005 2411 sepalorum
1028 2337 1175 2397 interdum
1191 2335 1390 2412 subsessiles,
1409 2337 1530 2410 eapsnla

251 2423 316 2487 5-5
329 2421 374 2508 ¹l,
392 2427 443 2485 lin.
462 2428 562 2502 longa.

294 2511 330 2594 β.
352 2511 577 2596 cymbalorum.
600 2508 689 2576 Folia
708 2508 824 2576 latiora
843 2510 981 2597 oblonga
1001 2510 1049 2576 vel
1070 2507 1222 2597 elliptieu,
1244 2530 1284 2576 ea
1303 2509 1344 2576 ad
1362 2508 1461 2576 basin
1481 2529 1528 2574 ra-

250 2619 378 2665 morum
398 2598 494 2665 inier.
518 2597 675 2687 paniculae
695 2597 755 2664 sita
775 2618 859 2685 saepe
880 2597 1142 2680 concaviuseula,
1162 2598 1273 2685 sepala
1292 2597 1460 2664 interdurn
1480 2597 1530 2664 ob

250 2687 439 2754 tusiuseula.
460 2687 503 2754 H.
525 2687 740 2774 cymbalorum
760 2685 861 2754 Beiss.
885 2697 916 2753 et
934 2685 999 2752 Bal.
1021 2684 1138 2772 Diagn.
1157 2683 1227 2752 Ser.
1249 2686 1291 2766 ll,
1304 2685 1358 2768 Vl,
1379 2707 1413 2773 p.
1435 2684 1491 2752 39.

294 2795 369 2854 Hab.
387 2795 417 2852 in
434 2794 560 2854 eollibus
579 2792 716 2868 Phrygia
732 2792 813 2854 eirea
830 2791 956 2854 Ouehak
972 2788 1094 2874 (Bait).

293 3029 345 3096 H.
366 3028 703 3114 orlqanliolium
722 3027 845 3114 (Willd.
866 3025 919 3127 Sp.
942 3025 1000 3109 lll,
1014 3047 1046 3116 p.
1062 3024 1148 3094 rael
1169 3045 1236 3094 non
1256 3025 1414 3113 alierum)
1428 3036 1531 3092 toturn

249 3115 438 3183 brevissime
458 3116 793 3198 tomentelloeanurn,
814 3115 960 3182 caulibus
980 3113 1136 3182 teretibus
1156 3113 1409 3182 ascendentibus
1428 3113 1532 3201 pumi-

249 3204 306 3282 lis‚
334 3203 417 3272 loliis
436 3204 596 3291 pellucide
620 3215 652 3271 et
675 3203 960 3292 nigro-punctalis
985 3225 1004 3270 a
1026 3203 1096 3272 basi
1116 3202 1218 3271 sessili
1243 3205 1411 3269 attenuatd
1430 3203 1532 3270 oratis

249 3293 462 3380 oblongisque
481 3291 623 3374 obtusis,
645 3313 744 3393 opmae
764 3291 917 3359 confertae
937 3291 1329 3446 eorpmbeso-iastigiatae
1352 3291 1455 3358 ramis
1476 3311 1531 3378 op

249 3380 362 3469 positis
382 3379 534 3448 brevibus
553 3401 749 3462 racemosa,
770 3378 936 3469 pedieellis
956 3399 993 3446 ea
1009 3400 1065 3468 yee
1084 3378 1283 3447 subdimidio
1308 3378 1529 3458 brevioribus,

249 3469 367 3558 sepalis
397 3469 517 3536 corolla
543 3468 645 3537 subtri
670 3469 701 3536 lo
727 3467 930 3536 brevioribus
949 3467 1296 3556 oblongo-linearibus
1319 3467 1531 3534 acutiusculis

249 3556 535 3644 nigro-punctalis
568 3491 718 3624 dentiims
748 3555 891 3623 breviter
923 3555 1059 3623 setaeeis
1089 3555 1312 3641 glanduliieris
1338 3555 1527 3644 pastinatis,

250 3645 379 3733 capsula
398 3644 689 3732 oblongo-conice,
716 3643 895 3712 seminibus
917 3643 1268 3712 lineato-tuberculatis
1295 3655 1342 3721 at.
1370 3643 1468 3710 Jaub.
1500 3655 1528 3710 et

248 3733 365 3820 Spaeh.
388 3732 507 3800 illustr.
535 3732 589 3801 Or.
623 3733 688 3800 tab.
721 3731 775 3800 lo.
800 3771 844 3784 —
869 3731 957 3820 Hyp.
979 3733 1159 3800 Arniensem
1187 3733 1326 3801 seootile
1350 3733 1530 3820 najaram

246 3821 326 3909 solie
345 3820 466 3888 Tourn.
489 3820 590 3889 herb!
605 3861 649 3870 —
667 3819 711 3888 H.
731 3821 999 3909 patrarateatem
1018 3819 1114 3888 Fenzl
1138 3821 1218 3908 Peg.
1232 3832 1270 3886 n⁰
1291 3818 1346 3887 20.
1434 3839 1435 3845 ¹

292 3929 368 3988 Hab.
386 3931 416 3986 in
433 3927 578 3988 montosis
596 3935 626 3988 et
650 3929 766 3988 saxosis
784 3926 943 3998 Anatoliae‚
959 3927 1099 4004 Bithynia
1115 3927 1154 3988 ad
1175 3928 1250 3987 Boin
1266 3926 1430 4006 (Pestall),
1449 3928 1531 3988 eirea

246 4017 413 4091 Seiranbol,
432 4017 554 4077 Amasis
572 4023 602 4078 et
618 4017 720 4078 Tokai
738 4013 882 4101 (Wiedl)
892 4062 899 4092 ,
919 4014 1113 4092 Cappadocia
1130 4018 1160 4076 in
1180 4022 1280 4077 monte
1298 4015 1430 4092 Alidagh
1452 4013 1528 4094 (Bal.

247 4101 605 4276 {zplpbssllksprmenia
621 4105 815 4186 (Teurueil),
834 4106 952 4168 Taurus
970 4105 1111 4168 Oilieieus
1128 4107 1165 4166 ad
1185 4104 1285 4168 Gulek
1300 4105 1420 4182 Boghas
1439 4094 1525 4184 (Kyi

291 4297 399 4358 Gaulos
416 4294 480 4360 5-6
497 4297 656 4373 pellieares
672 4297 767 4356 rarius
788 4296 933 4374 pedales,
952 4313 1039 4372 eyma
1055 4312 1136 4371 saepe
1155 4296 1185 4354 iu
1203 4295 1373 4371 panieulam
1390 4295 1523 4370 fastigia·

246 4393 306 4448 tam
323 4405 462 4466 vergens,
480 4387 569 4448 flores
585 4387 773 4462 praeeedente
791 4386 937 4464 majores,
956 4384 1081 4462 eapsula
1096 4381 1118 4445 5
1136 4385 1233 4446 lineas
1250 4387 1350 4462 longa

1198 4489 1221 4529 ο

291 4594 342 4662 Η.
362 4592 643 4670 Gheiwense‚
665 4601 766 4658 totum
787 4591 895 4678 patule
915 4591 1239 4672 albo-tomentosum,
1253 4589 1399 4656 caulibus
1418 4589 1525 4676 pumi-
