3204 5196
679 357 745 428 899

67 495 312 584 superantibus,
333 497 482 585 carpellis
502 497 596 566 hirtis
617 509 721 566 rostro
741 499 828 566 inlus
848 501 887 566 ad
908 501 952 588 ’μ
971 497 1181 586 longitudinis
1201 499 1300 567 dense
1320 509 1351 567 et

68 585 167 670 longe
188 585 322 653 barbato
341 587 523 675 quadruplo
548 588 753 655 brevioribus
780 600 828 664 tt.

116 691 195 752 Hab.
214 693 244 750 in
262 694 449 767 rupsstribus
475 694 620 753 calcaneis
648 694 778 767 regionis
805 701 966 768 mentam,
985 693 1072 752 vallis
1097 692 1213 769 Dj0ksu
1241 691 1353 754 Gilicite

66 779 219 842 Tracheae
235 783 311 840 inter
328 782 480 842 Keramon
506 788 536 841 et
552 783 702 842 Ermcnelr
721 782 882 863 (Heldrl)‚
901 784 1019 843 Taurus
1038 781 1176 842 Gilicicus
1199 784 1238 842 ad
1262 784 1353 858 Pylas

67 869 213 931 Cilicicas
229 877 259 931 et
275 873 353 932 circa
378 871 476 932 Glllek
494 872 557 950 (Ky
582 890 646 932 exs.
665 870 751 936 l09!
771 881 798 932 el
818 869 879 935 90!
906 873 1015 949 Ball),
1036 871 1140 932 Cilicia
1167 871 1300 933 Knrdica
1325 875 1354 932 in

66 960 186 1020 ditione
202 961 321 1020 Kassan
340 960 438 1038 Oghlu
454 961 516 1041 (Ky
535 962 641 1038 Suppl.
660 956 776 1046 2551),
795 980 886 1037 rupes
905 964 1011 1022 montis
1029 961 1187 1038 Ssoffdagh
1205 962 1355 1024 Cataonia

66 1051 124 1110 alt.
143 1049 299 1114 4-5000‘
322 1042 514 1130 (Hausslrl),
534 1071 617 1112 mons
634 1053 764 1113 Amanus
785 1054 812 1110 in
831 1053 919 1127 Syria
936 1053 1050 1113 boreali
1069 1045 1129 1138 (Ky
1148 1069 1209 1111 exs.
1236 1050 1354 1132 1241),

66 1140 207 1202 Kardice
223 1138 416 1203 &contento
434 1142 603 1202 chileltcolt
622 1144 651 1202 id
670 1151 716 1203 est
732 1144 833 1218 planta
850 1149 955 1202 contra
972 1159 1098 1201 vermes.
1117 1141 1162 1201 rt.
1180 1142 1271 1202 Julio.

118 1245 243 1320 Species
260 1246 460 1321 pulcherrima
474 1248 559 1306 caule
576 1244 635 1308 l·2
653 1247 762 1323 pedali,
782 1246 904 1306 floribus
928 1245 1053 1320 magnis,
1073 1247 1240 1320 petalorum
1258 1246 1355 1306 forma

68 1337 199 1396 sectioni
218 1334 421 1397 lentinaouioe
438 1337 668 1396 adnumeranda.
678 1335 749 1396 Sola
760 1336 878 1412 generis
891 1336 1052 1395 vastissimi
1067 1337 1096 1392 in
1108 1334 1199 1394 Flora
1213 1335 1357 1396 Orientali

67 1426 149 1485 civis
167 1428 220 1485 sed
239 1429 267 1485 ln
286 1427 490 1502 hemispherio
515 1427 628 1487 boreali
656 1427 763 1486 adsunt
780 1425 929 1486 nonnullae
951 1425 1068 1499 species
1090 1424 1278 1500 Abyssinicae
1296 1425 1358 1485 rhi-

66 1521 192 1574 zomate
210 1535 335 1577 carnoso
348 1525 377 1575 et
390 1517 465 1577 facie
480 1517 592 1576 similes
607 1517 742 1592 quamvis
760 1517 799 1575 ob
820 1515 920 1590 petala
936 1515 1121 1590 subaequalis
1138 1515 1357 1576 diversissimae.

476 1761 533 1828 Tn.
562 1761 602 1830 11.
631 1760 957 1830 BIEBERSTEINIAE.

120 1960 272 2029 Orarium
300 1973 423 2030 eroslre
453 1963 711 2052 quinquelobum
731 1961 822 2051 stylis
848 1960 1044 2029 distinctisa
1069 1961 1201 2029 basibus
1221 1962 1357 2030 internis

73 2051 296 2137 carpellorum
315 2051 480 2134 oriundis,
508 2051 713 2138 stigmatibus
740 2050 898 2138 capitatis.
935 2049 1043 2118 Loculi
1070 2050 1258 2118 uniovulati.
1280 2051 1358 2119 Car·

72 2139 162 2226 pella
181 2150 309 2207 matura
328 2139 565 2208 indehisccntia
584 2142 625 2208 ab
649 2140 698 2206 axi
719 2139 914 2207 secedentia.
944 2137 1060 2206 Semen
1081 2139 1246 2206 albumine
1265 2141 1355 2206 tenui

71 2227 322 2295 subunilaterali
348 2228 555 2311 instructum,
577 2229 780 2318 cotyledones
794 2229 910 2316 planae.

572 2479 872 2557 ltlllllllllsllllllll

325 2605 452 2701 (Slcpb.
479 2607 510 2680 in
532 2605 621 2680 lttm
647 2605 745 2698 llosq.
775 2603 806 2692 1,
830 2626 859 2698 p.
888 2601 944 2691 dl,
968 2599 1030 2675 tab.
1056 2600 1108 2694 l).

134 2841 244 2909 Floras
265 2842 441 2926 regulares.
468 2837 581 2927 Sepala
608 2837 628 2904 5
653 2834 834 2916 imbricata,
856 2835 1022 2903 fructifera
1047 2845 1184 2902 acereta.
1207 2833 1315 2902 Patala
1334 2833 1355 2900 5

73 2930 248 3019 hypogyna
268 2930 450 2997 imbricata.
473 2927 637 2995 Glandulae
654 2923 674 2990 5
694 2945 839 2991 carnosae
859 2924 972 3012 petalis
992 2926 1136 2991 alternae.
1150 2922 1292 2990 Stamina
1312 2923 1355 2990 10

72 3019 186 3086 omnia
207 3018 403 3085 antherilcra
422 3016 490 3083 basi
510 3015 544 3082 in
564 3015 721 3082 annulum
740 3012 882 3080 breviter
901 3024 1050 3080 connata.
1073 3011 1186 3079 Ovaria
1206 3010 1226 3077 5
1251 3033 1354 3113 gyno-

73 3106 181 3195 phoro
200 3107 289 3174 brevi
310 3129 328 3174 a
351 3105 419 3173 basi
440 3105 480 3172 ad
502 3103 644 3171 medium
664 3101 775 3184 alstra,
796 3103 927 3168 ovulum
954 3123 971 3168 e
998 3099 1142 3168 funiculo
1162 3099 1251 3166 brevi
1271 3101 1355 3167 infra

74 3195 201 3263 uicem
226 3195 323 3263 loculi
347 3194 525 3283 pendulum
556 3201 761 3278 anatropum.
790 3189 935 3278 Carpella
964 3199 1130 3257 crustacea
1160 3209 1290 3274 rugosa.
1312 3228 1356 3237 —

107 3285 195 3352 erbae
214 3304 374 3372 perennes
399 3281 616 3369 glandulosae,
637 3279 722 3346 soliis
752 3277 913 3366 stipulalis
944 3275 1187 3366 pinnatisectis,
1217 3277 1355 3358 floribus

73 3373 269 3462 paniculatis
289 3373 336 3440 vel
356 3369 497 3459 spicatis.

132 3597 176 3665 B.
212 3592 438 3664 multifida
469 3591 541 3679 (bo.
571 3588 683 3656 Prodr.
715 3587 741 3670 l,
771 3609 801 3674 p.
829 3582 908 3673 708)
929 3583 1038 3650 radice
1065 3588 1173 3652 crassa
1203 3582 1356 3651 tuberosa

74 3683 169 3773 apice
186 3682 419 3772 pleiocephald,
440 3681 530 3746 caule
550 3697 659 3746 crasso
682 3676 805 3744 sulcato
824 3673 1013 3760 glanduloso
1033 3692 1130 3759 supra
1146 3671 1238 3740 basin
1257 3694 1272 3740 s
1296 3693 1354 3740 ua·

74 3794 201 3840 mosam
222 3772 330 3839 foliato
350 3789 490 3858 superne
509 3787 638 3834 ramoso
657 3763 841 3852 paniculalo
855 3760 1043 3841 multilloro,
1057 3759 1141 3827 loliis
1154 3694 1357 3827 ambituian·

73 3861 208 3930 caelatis
228 3859 321 3927 hirtis
342 3878 437 3947 parce
457 3853 655 3944 glandulosis
675 3852 724 3920 bis
744 3853 791 3918 vel
811 3860 861 3916 ter
879 3847 1101 3936 pinnatisectis
1113 3847 1238 3915 laciniis
1257 3849 1356 3916 linea·

74 3950 168 4017 ribus
188 3947 339 4017 tenuibus
358 3945 474 4026 acutis,
496 3943 635 4011 bracteis
655 3939 766 4007 incisis
785 3939 835 4005 vel
855 3935 1066 4036 pinnatilrdis,
1089 3935 1253 4036 pedicellis
1265 3938 1355 4004 brao-

72 4037 203 4107 teolatis
222 4039 330 4126 calyce
356 4032 634 4120 sublongioribus,
655 4028 772 4117 sepelis
791 4025 1051 4111 ovato-oblongrs
1066 4025 1165 4125 ,hirtas
1184 4025 1354 4125 glandulo-

74 4127 185 4216 sisque
205 4125 328 4194 obtusis
349 4125 397 4190 vel
416 4120 635 4200 acutiusculia
658 4117 771 4205 petalis
791 4115 1091 4202 oblongo-cunealrs
1111 4134 1201 4200 aprce
1221 4123 1356 4201 mtegrrs

73 4218 128 4284 vel
146 4213 351 4283 denticulatis
371 4210 469 4300 calyci
491 4206 756 4297 subaequilongis,
771 4203 943 4271 filamentis
956 4223 993 4268 su
1019 4221 1054 4267 ra
1066 4203 1223 4268 annulum
1236 4201 1355 4269 sensim

74 4302 251 4372 attenuatis
271 4301 397 4370 inlernc
418 4299 533 4366 ciliatis
553 4295 709 4375 tt.laub.
732 4306 764 4360 et
783 4294 835 4381 Sp.
860 4291 972 4378 lll.·pl.
995 4222 1048 4357 gr.
1071 4289 1113 4372 ll,
1134 4310 1166 4378 p.
1188 4288 1267 4372 ltu,
1289 4290 1353 4357 tab.

74 4392 156 4460 tel.
179 4391 219 4459 B.
235 4391 377 4458 nocheri
395 4387 424 4454 l.
447 4397 479 4454 et
498 4386 551 4541 Sg.
568 4387 628 4453 loo.
653 4382 706 4451 cit.
730 4404 762 4470 p.
787 4380 864 4462 lltt,
887 4379 952 4446 tab.
975 4377 1051 4447 teo.
1070 4377 1109 4444 B.
1126 4378 1357 4467 drccbgpetolo

72 4481 106 4550 J.
129 4492 161 4549 el
178 4479 231 4568 Sp.
254 4480 316 4548 loc.
339 4477 393 4544 cit.
416 4498 448 4564 p.
474 4475 511 4542 ll
544 4473 639 4558 ,tab
663 4470 728 4538 lua
747 4481 779 4538 et
803 4471 842 4536 B.
864 4468 1019 4556 ambiguo
1036 4465 1065 4533 l.
1088 4476 1120 4533 et
1139 4465 1191 4555 Sp.
1215 4468 1276 4536 loc.
1299 4467 1355 4534 cil.

74 4592 111 4660 p.
134 4567 211 4637 llo.
