3300 5192
861 371 926 442 482

687 637 759 725 §l
785 639 1087 710 verruculosi.

633 841 651 876 ἥ
675 842 783 902 donni.
803 842 927 904 Lamina
945 845 1010 904 basi
1035 845 1151 920 glabra.

296 1024 342 1090 D.
356 1023 664 1110 tripunctatus
691 1021 809 1108 (Sibtb.
833 1023 878 1090 tt.
901 1025 1003 1092 Graec.
1029 1026 1080 1110 tv,
1097 1047 1130 1114 p.
1153 1023 1208 1108 86,
1230 1027 1293 1093 tab.
1318 1023 1398 1114 398)
1421 1027 1530 1114 glaber

252 1121 380 1178 erectus
399 1111 507 1197 patule
528 1131 687 1192 ramosus,
710 1109 795 1178 loliis
814 1111 962 1198 rigidulis
982 1113 1051 1182 basi
1072 1114 1529 1202 membranaceo-marginatis

252 1199 379 1281 citiatis,
402 1198 597 1266 ramealibus
610 1198 771 1286 adpressis
784 1198 874 1287 apice
887 1202 1035 1284 setaceis,
1055 1201 1191 1269 floribus
1204 1203 1243 1269 ad
1262 1223 1431 1270 ramorum
1454 1205 1531 1290 rigi·

251 1288 369 1356 dorum
389 1287 658 1354 subincurvorum
679 1286 804 1373 apicem
824 1289 989 1372 solitariis,
1014 1291 1159 1378 squamis
1179 1290 1279 1358 ovatis
1299 1292 1449 1378 margine
1470 1295 1531 1360 late

251 1374 508 1444 membranaceis
528 1375 560 1440 in
581 1374 697 1442 aristas
721 1375 886 1444 subulatas
911 1377 1032 1464 rigidas
1058 1380 1165 1468 calyce
1194 1379 1422 1446 subbreviores
1450 1391 1532 1448 atte-

250 1464 370 1546 nuatis,
398 1464 515 1552 calycis
542 1463 619 1529 tubo
642 1463 681 1530 ad
708 1462 799 1529 basin
824 1485 927 1552 usque
952 1466 1065 1534 striato
1084 1466 1236 1534 dentibus
1255 1468 1454 1549 lanceolatis‚
1485 1470 1531 1536 la-

251 1553 337 1620 mina
356 1552 640 1620 obovatocuneata
660 1551 790 1618 denmta
808 1551 877 1618 basi
898 1555 1072 1622 saturatius
1096 1554 1258 1623 trilineatd
1272 1565 1322 1636 Θ.

294 1659 372 1718 Hab.
386 1660 413 1714 in
427 1657 557 1716 herbidis
575 1657 662 1716 siccis
676 1665 704 1714 et
717 1658 793 1716 inter
804 1668 923 1732 segetes
937 1662 1135 1735 Peloponnesi
1148 1662 1186 1719 ad
1200 1649 1364 1734 Trezenein
1377 1661 1532 1742 (Heldr!)‚

249 1747 354 1806 insulis
369 1747 481 1821 AEgiua
498 1740 642 1825 (Heldrl),
657 1745 800 1804 Thermia
814 1743 917 1826 (Orph.
931 1748 978 1808 ut.
994 1767 1059 1812 exe.
1072 1747 1141 1812 460
1152 1745 1185 1825 l),
1204 1749 1292 1811 Samo
1307 1751 1382 1830 (Ure
1394 1753 1427 1826 i),
1439 1750 1533 1812 Orela

252 1831 376 1914 (sieut),
395 1835 494 1911 Cypro
518 1825 662 1914 (Sibthi).
683 1835 728 1894 rt.
748 1835 884 1896 liei-lun.

292 2083 456 2169 D.Cyrl
488 2079 537 2168 (F.
568 2091 598 2146 et
622 2079 662 2146 ll.
687 2079 756 2146 lnd.
781 2079 832 2145 tt.
856 2079 948 2146 Hort.
973 2080 1100 2169 Petrop.
1124 2101 1154 2168 p.
1178 2079 1235 2168 at)
1265 2081 1378 2168 glaber
1397 2092 1529 2150 erectus

247 2172 358 2239 stricte
379 2190 541 2251 ramosus,
570 2168 655 2234 loliis
674 2167 842 2234 latiuseule
862 2167 1039 2235 linearibus
1060 2169 1206 2255 margine
1226 2170 1362 2252 scabriS,
1390 2171 1532 2239 lloribus

249 2259 475 2328 terminalibus
495 2256 667 2336 solitariis,
700 2256 843 2343 squamis
873 2257 974 2323 ovatis
1004 2257 1037 2323 in
1068 2256 1182 2324 aristas
1212 2269 1354 2325 setaceas
1384 2259 1531 2328 virentes

247 2351 388 2438 calyeem
422 2356 612 2434 superantes
643 2343 762 2411 sensim
794 2345 979 2427 attenuatis
1012 2345 1127 2436 calycis
1147 2345 1225 2412 tubo
1245 2346 1352 2413 enervi
1372 2347 1531 2414 dentibus

247 2436 434 2504 lanceolatis
455 2433 727 2502 nervoso-strictis
747 2432 836 2586 alpioe
857 2431 1025 2514 scariosis,
1051 2432 1171 2501 lamina
1190 2439 1288 2522 parva
1306 2435 1448 2522 oblonga
1467 2435 1530 2503 5-6

249 2524 380 2592 dentata
400 2527 491 2590 rosea
514 2531 564 2602 Θ.
587 2519 628 2588 D.
647 2541 755 2586 nmero
771 2522 838 2608 epis
858 2519 958 2588 Boiss.
981 2520 1093 2609 lliagn.
1116 2519 1184 2588 Ser.
1206 2521 1232 2604 l,
1254 2523 1279 2604 l,
1301 2545 1333 2611 p.
1357 2523 1411 2592 18.

294 2633 370 2692 Hab.
390 2633 418 2689 iu
437 2631 572 2689 arenosis
590 2641 618 2686 et
637 2630 723 2688 uultis
740 2629 885 2689 Anatoliae
901 2630 938 2688 ad
956 2633 1077 2690 Arouaia
1093 2629 1203 2704 (Wied
1216 2629 1223 2690 l
1237 2640 1259 2703 ),
1281 2633 1386 2692 iberita
1401 2635 1442 2692 ad
1461 2634 1526 2693 lili·

248 2721 404 2796 aabethpol
425 2720 470 2797 (F.
491 2727 519 2778 et
537 2714 600 2799 ll),
620 2717 751 2792 assyrie
767 2719 844 2778 inter
863 2717 935 2779 Orsa
953 2727 982 2777 et
999 2719 1131 2778 Sinerek
1154 2715 1212 2800 (ily
1229 2737 1292 2780 oxa.
1308 2710 1404 2802 60l),
1428 2739 1526 2799 prope

247 2807 368 2886 Bngdad
386 2808 496 2882 (Auch.
515 2826 577 2867 exa.
596 2801 732 2890 4250t),
751 2807 909 2883 Allghauid
926 2809 963 2866 ad
984 2807 1141 2868 Caudahar
1158 2807 1282 2888 (Griffll.

290 2909 395 2970 Facies
416 2909 531 2969 Tonieoe
545 2907 694 2985 prolisores
710 2909 764 2966 sed
777 2909 865 2967 tiores
883 2909 1016 2968 solitarii.

243 3176 262 3212 θ
286 3175 304 3210 ⁴*
328 3175 487 3234 Perennea.
505 3172 629 3232 Lamina
645 3171 709 3231 basi
728 3171 893 3233 barbulata.
915 3170 1007 3230 Nervi
1024 3171 1062 3229 ad
1087 3171 1181 3230 latera
1198 3172 1314 3231 sinuum
1336 3173 1452 3246 ealyeis
1470 3175 1520 3234 siti

444 3291 531 3334 secus
549 3275 649 3332 tubum
667 3289 805 3330 enervem
820 3273 887 3346 plus
903 3272 998 3330 minus
1013 3271 1103 3346 louge
1121 3271 1323 3331 decurrentes.

287 3485 333 3552 D.
353 3481 736 3567 multtpunctatus
762 3473 843 3564 (Ser.
867 3475 900 3542 in
921 3495 972 3543 no.
996 3475 1109 3541 Prodr.
1133 3476 1159 3554 l,
1181 3497 1211 3563 p.
1235 3475 1316 3564 362)
1348 3478 1465 3562 glaber
1484 3501 1522 3546 re

242 3571 312 3638 basi
345 3569 589 3658 subpubescens
619 3564 826 3646 multicaulis,
863 3565 1009 3632 caulibus
1040 3563 1289 3632 ascendentibus
1319 3565 1521 3654 simplicibus

154 3660 157 3668 '
241 3661 290 3726 vel
311 3679 328 3726 a
353 3659 401 3725 icc
422 3677 517 3744 parre
538 3665 569 3720 et
588 3654 697 3722 stricte
718 3651 872 3736 ramosis,
900 3653 984 3719 loliis
1004 3650 1072 3718 basi
1093 3651 1209 3719 ciliatis
1229 3653 1375 3740 margine
1396 3656 1520 3721 scabri-

241 3748 304 3830 dis,
330 3679 465 3813 loribus
492 3741 720 3823 subsolitariis‚
752 3741 895 3828 squamis
926 3739 1076 3806 scariosis
1106 3741 1233 3828 pallidis
1263 3743 1365 3808 ovatis
1393 3743 1519 3812 obtusis

241 3835 340 3903 arista
360 3833 448 3900 tenui
468 3831 556 3897 brevi
578 3832 730 3931 adpressa
750 3827 946 3910 terminatis,
973 3826 1088 3917 calycis
1107 3828 1258 3896 dentibus
1277 3831 1518 3898 ovato-lanceo-

240 3923 313 3990 latis
333 3921 459 4011 pallidis
478 3919 586 3986 nervis
606 3939 735 3986 sinuum
757 3918 852 4002 longe
871 3913 1140 3998 decurrentibus,
1171 3917 1292 3984 lamina
1317 3924 1412 3986 rosea
1437 3919 1518 3986 obo-

240 4013 468 4078 vato-cuneata
487 4007 617 4074 dentata
643 4018 671 4082 tt
683 4059 689 4072 .
713 4005 752 4071 ll.
776 4005 949 4072 lincolniae
968 4002 1067 4070 Delile
1087 4003 1122 4069 in
1140 4001 1206 4072 Cat.
1230 4005 1321 4072 Hort.
1346 4007 1492 4097 lionosp.

285 4117 361 4176 Hab.
378 4119 407 4174 in
433 4114 519 4174 siccis
546 4125 574 4170 et
597 4113 781 4188 rupestribus
805 4113 907 4170 insulta
925 4111 982 4170 Oos
1009 4111 1203 4188 Archipelagi
1230 4112 1314 4183 (Ure.
1340 4113 1436 4174 duait.
1454 4133 1516 4173 ers.
1559 4146 1563 4160 .

240 4195 364 4290 wil),
388 4203 484 4264 Oratae
499 4203 538 4262 ad
555 4201 675 4262 Khania
696 4201 799 4281 (Raull
814 4211 839 4274 J,
858 4201 949 4260 totius
967 4199 1060 4275 Syriae
1078 4191 1232 4259 littoralis!
1255 4201 1404 4262 interioria
1423 4221 1517 4278 prope

238 4293 323 4356 Nisib
354 4290 532 4374 (Hausalrl)
556 4301 585 4352 et
611 4297 758 4351 moutanae
782 4290 812 4348 in
838 4289 951 4348 Libano
969 4295 997 4346 ot
1015 4288 1186 4350 Antilibano
1206 4289 1314 4368 (Anah.
1341 4309 1404 4351 axa.
1424 4281 1512 4354 529!

239 4382 345 4444 Boias!
368 4377 418 4444 Bl!
437 4381 558 4458 Gailli),
576 4381 735 4440 Palestinae
753 4371 898 4462 (Belesi).
914 4376 962 4436 rt.
981 4377 1127 4440 itai-tun.

285 4488 391 4563 caules
409 4485 532 4562 pedales
551 4485 597 4543 vel
614 4483 786 4556 breviores,
803 4481 893 4539 liores
912 4481 1033 4540 multum
1051 4479 1168 4539 variant
1185 4483 1398 4560 magnitudine,
1415 4483 1516 4562 (calyx

239 4574 297 4640 9-tt
314 4577 407 4636 lineas
424 4569 551 4652 longus),
570 4573 684 4634 leminis
701 4571 767 4644 plus
785 4569 880 4629 minue
898 4569 1014 4645 amplis.
