3230 5190
860 322 925 394 aba

253 461 454 544 nutantibus,
473 461 610 529 lloribus
614 513 726 546 ........
747 463 856 530 orario
876 462 974 546 hirto,
996 463 1119 530 fructus
1138 461 1228 551 parvi
1246 461 1308 529 elis
1329 461 1526 529 rectiuseulis

250 547 437 638 junioribus
456 570 583 617 aruoenc
604 549 706 618 roseis
725 559 756 630 5.

298 643 374 702 Hnb.
393 643 423 701 in
439 644 560 718 regione
577 643 676 704 medii
692 645 835 704 montium
852 645 981 720 Kyllene
998 649 1029 704 et
1046 643 1184 704 Obelmos
1211 661 1309 719 prope
1335 642 1462 718 Stygem
1482 642 1529 701 eli.

253 727 490 796 4000’-5000’
506 732 614 808 (Orph.
641 733 686 793 rt.
706 732 758 794 Gr.
786 751 851 794 exe.
871 730 990 816 lost),
1009 734 1039 792 in
1056 735 1179 810 regione
1198 732 1298 792 medici
1331 732 1480 791 Parnassi
1496 732 1531 790 nd

255 821 395 882 Carceris
413 821 527 898 (Orpbt
546 820 681 896 (inieci).
700 823 748 882 1⁴¹1.
769 823 921 883 illei-lon.

298 909 397 971 Arbor
414 911 582 984 mediocris,
601 913 674 972 rami
691 913 802 974 cortice
814 911 996 988 albo-grisei
1008 912 1108 971 vestiti
1128 912 1233 973 crebre
1249 911 1402 970 ramulosi
1420 911 1532 969 ramalia

254 999 298 1059 eie
315 998 350 1060 A.
369 999 605 1078 Mooopeesquai
622 1001 713 1062 multo
730 1001 824 1077 magis
847 1001 1039 1063 abbreviatis.
1065 1001 1142 1060 Huic
1160 1001 1257 1061 affinis
1286 1007 1337 1058 sat
1367 1000 1531 1059 distinctum

255 1088 370 1150 videtur
388 1089 465 1150 soliis
482 1107 573 1165 supra
589 1108 647 1150 nou
666 1090 777 1166 nitidis,
794 1091 872 1151 iobis
888 1091 1020 1152 deumtis
1038 1091 1133 1151 oeulis
1144 1091 1192 1150 vel
1210 1089 1533 1166 truncato-trilobetie5

255 1177 367 1238 fructus
385 1197 503 1255 quoqne
521 1181 649 1239 minores
668 1185 745 1240 sunt.

299 1387 346 1454 A.
367 1388 653 1456 efflorescens
673 1385 788 1472 (Boiss.
810 1385 924 1472 lliegn.
946 1385 1014 1453 Ser.
1038 1387 1062 1468 l,
1084 1387 1138 1470 lll,
1157 1409 1189 1474 p.
1213 1386 1271 1474 29)
1300 1386 1397 1452 soliis
1417 1386 1533 1472 petiolis

256 1473 510 1562 subaequilongis
536 1473 674 1540 suffultis
700 1473 856 1541 coriaceis
876 1473 971 1540 etiarn
991 1475 1108 1542 adultis
1128 1477 1283 1563 utrinque
1304 1475 1469 1560 adpresse
1487 1495 1534 1560 pu-

257 1561 462 1628 bescentibus
487 1562 592 1650 parvis
616 1583 634 1627 a
661 1560 729 1628 basi
755 1561 926 1629 rotundatei
946 1563 993 1629 vel
1013 1563 1207 1630 subcordata
1228 1574 1427 1630 transverse
1448 1562 1535 1628 oratis

257 1648 297 1714 ad
318 1650 443 1716 rer-tiam
465 1661 588 1737 portem
609 1671 711 1737 usque
731 1649 764 1715 in
784 1649 874 1716 lobes
886 1651 1026 1737 aequales
1040 1652 1229 1718 rotundatos
1242 1651 1389 1717 obtusos
1404 1649 1536 1734 integros

257 1735 384 1814 divisis,
415 1738 576 1826 corymbis
599 1735 828 1804 subsessilibus
850 1737 1040 1805 nutantibus
1059 1739 1264 1826 paucilloris,
1300 1737 1431 1824 sepelis
1450 1738 1537 1804 oratis

257 1822 371 1976 imaus
407 1827 511 1913 petala
546 1825 681 1893 eborata
715 1825 785 1892 basi
815 1834 979 1892 attenuata
1008 1826 1256 1914 superantibus,
1291 1825 1415 1892 orario
1447 1826 1534 1906 hirto,

270 1924 361 1980 ructu
367 1963 433 1980 .....
455 1921 485 1994 5.

301 2019 376 2079 Hab.
406 2020 435 2078 in
459 2021 601 2080 montosis
631 2021 740 2080 Persice
768 2020 908 2080 australis
942 2020 982 2080 ed
1009 2020 1111 2080 Sinum
1143 2021 1295 2081 Persicum
1323 2015 1334 2107 (
1348 2021 1453 2080 Aneh.
1481 2038 1534 2080 ens

258 2103 391 2184 4295t),
410 2127 504 2185 prope
521 2109 599 2170 Gere
617 2115 647 2170 et
665 2109 784 2170 Schiraz
803 2109 864 2189 (Ky
883 2126 946 2169 exs.
964 2107 1052 2188 dli).
1071 2109 1118 2171 Fi.
1134 2111 1202 2169 Mai.

302 2208 401 2269 Arbor
419 2209 578 2270 mediocris
603 2210 693 2270 remis
714 2209 856 2269 tortuosis
882 2209 1150 2288 cinerescentihus,
1173 2209 1244 2270 lolia
1263 2211 1389 2285 majora
1406 2209 1535 2284 pollicem

258 2299 349 2373 longa
369 2295 412 2362 te
429 2299 523 2358 lineas
540 2301 610 2360 lata.
627 2299 684 2360 Ab.
706 2296 740 2358 A.
763 2297 1004 2375 Mortepeseulouo
1028 2299 1107 2360 loliis
1133 2299 1355 2376 pedieellisque
1389 2299 1532 2368 veintinis,

258 2388 370 2464 sepelis
386 2389 481 2466 hirtis,
500 2389 580 2448 foliis
598 2385 774 2449 brevissime
791 2389 916 2465 trilobis,
933 2395 1002 2467 etc„
1016 2389 1194 2449 distinctum.

313 2596 361 2662 A.
380 2594 613 2680 Syriacum
639 2594 754 2682 (Boiss.
780 2603 812 2661 et
834 2593 925 2662 Gaill.
956 2593 1070 2680 Diagn.
1092 2593 1161 2660 Ser.
1185 2595 1229 2676 ll,
1251 2594 1290 2674 V,
1320 2615 1352 2679 p.
1379 2593 1440 2680 72)
1461 2593 1536 2659 loliis

255 2681 442 2769 junioribus
468 2682 589 2768 glabris
613 2681 732 2769 petiole
756 2681 939 2770 aequilongo
964 2682 1012 2747 vel
1043 2681 1189 2767 longiore
1220 2680 1363 2748 suffultis
1385 2681 1537 2748 coriaceis

258 2769 485 2838 concoloribus
516 2791 614 2857 supra
642 2769 758 2836 lucidis
787 2769 1042 2857 perennantibus
1061 2769 1166 2836 abasi
1189 2769 1364 2836 rotundato
1377 2807 1393 2818 ·
1406 2775 1538 2836 euocati

259 2857 359 2924 oratis
378 2857 469 2946 apice
489 2858 645 2925 truncatis
665 2857 790 2924 trilobis
809 2857 891 2924 lobis
911 2857 1063 2924 brevibus
1082 2857 1154 2924 latis
1174 2856 1294 2939 acutis,
1325 2857 1414 2924 loliis
1435 2877 1538 2924 ramo-

260 2965 332 3011 rum
359 2944 528 3030 juniorum
559 2945 704 3032 margine
724 2945 887 3012 undulatis
907 2944 1109 3013 subcordatis
1129 2944 1277 3032 oblongis
1297 2947 1347 3012 vel
1368 2946 1537 3031 angulnto

260 3032 401 3114 trilobis,
429 3033 592 3122 corymbis
618 3033 847 3101 subsessilibus
865 3033 1213 3125 nutantibus‚lsepalis
1239 3043 1271 3099 et
1295 3032 1417 3120 petalis
1441 3033 1537 3100 oratis

259 3120 309 3188 his
328 3121 463 3189 dimidio
482 3121 677 3206 minoribus,
697 3122 821 3188 lructirs
840 3120 899 3188 alis
918 3121 1221 3207 subdivergentibus
1239 3131 1271 3200 5.

303 3227 380 3288 Hab.
398 3228 427 3286 in
453 3228 531 3287 velle
548 3225 729 3302 Bargbontie
755 3225 861 3286 Libani
878 3238 969 3302 supro
990 3225 1131 3285 Sidonem
1146 3225 1292 3302 (Gellii),
1314 3227 1395 3285 inter
1419 3227 1537 3287 Hesrnn

259 3322 288 3377 et
304 3317 415 3376 Betrun
434 3313 495 3398 (Ky
513 3318 543 3376 in
559 3316 641 3377 herb.
659 3315 830 3394 Vindobll.
857 3315 903 3377 Fl.
922 3315 995 3390 Apr.

303 3417 390 3477 Folia
406 3417 509 3478 adulta
535 3414 597 3478 25
614 3417 739 3491 pollices
756 3418 849 3492 longa
866 3423 896 3475 et
911 3415 950 3475 ad
967 3415 1084 3492 apicem
1113 3416 1191 3486 lata,
1218 3433 1369 3474 ramorum
1394 3416 1540 3475 sterilium

259 3507 372 3566 minora
398 3507 514 3580 integra
530 3508 577 3564 vel
596 3507 705 3565 triloba
730 3506 809 3566 lobis
826 3505 998 3565 lateralibus
1018 3504 1137 3564 minutis
1160 3502 1404 3581 hederaeformis‚
1424 3505 1539 3564 fructos

259 3613 355 3671 magn.
373 3594 408 3655 A.
426 3596 586 3674 opulisolt'i.
605 3595 729 3670 Species
747 3596 785 3654 ab
801 3591 834 3654 Α.
854 3594 969 3654 Cretico
986 3599 1184 3656 succensete
1200 3595 1320 3668 petiolis
1337 3595 1449 3668 longis,
1461 3595 1539 3654 foliis

257 3685 371 3758 magnis
389 3687 477 3746 valde
494 3684 637 3746 truncatis
656 3684 822 3744 discedens.

299 3782 335 3864 β.
354 3778 525 3868 Cyprium.
549 3777 638 3848 Folia
656 3776 783 3844 minora
806 3777 908 3863 t-lu,
926 3776 1092 3866 polliceris
1111 3775 1538 3846 semiorhieulari-truncata

257 3869 327 3938 basi
347 3869 521 3936 rotundata
540 3866 622 3936 lobis
641 3865 713 3933 latis
732 3864 930 3933 brevissimis
949 3866 1004 3933 sed
1025 3885 1155 3954 semper
1172 3865 1288 3931 acutis.

299 3977 377 4036 Heb.
395 3977 425 4034 in
442 3975 578 4036 convelle
591 3974 734 4034 moulinm
752 3973 844 4050 Cypri
859 3991 954 4050 prope
969 3974 1149 4034 Prodromos
1168 3971 1231 4052 (Ky
1249 3990 1314 4033 exs.
1332 3966 1447 4056 8291).

553 4232 610 4300 Tu.
635 4232 690 4298 lll.
714 4230 908 4302 Donousa
935 4231 1047 4300 Benth.
1070 4241 1103 4299 et
1121 4232 1225 4298 llook.

294 4423 405 4490 Flores
426 4425 604 4510 regulares.
627 4421 740 4489 Discus
760 4421 808 4507 (in
828 4419 961 4508 nostris)
986 4419 1161 4488 obsoletus.
1184 4417 1323 4487 Fructus
1336 4420 1382 4506 (iu
1396 4403 1534 4487 nostris)

253 4510 433 4601 capsularis
452 4510 607 4599 septicide
627 4509 810 4578 dehiscens.
832 4507 962 4575 Semina
980 4506 1233 4575 exalbuminosa.
