3228 5204
668 413 726 481 tlt

44 555 166 643 aequali
189 554 268 620 hirti
289 553 415 620 laciniis
435 551 579 634 obtusis,
600 551 688 640 stylis
707 550 818 618 liberis
838 549 1047 618 brevissimis.
1071 549 1268 619 perennans.
1292 551 1335 620 H.

44 645 183 711 hirsuto
205 664 273 710 var.
297 641 475 729 teioptptto
497 639 623 707 Griseb.
645 640 729 730 Spic.
753 641 778 721 l,
802 659 832 726 p.
856 637 920 706 tto
942 639 994 727 (en
1013 638 1257 729 descriptione).

91 752 174 812 Hab.
198 753 230 810 in
246 752 368 824 regione
383 750 484 824 alpina
500 749 639 808 Parnassi
658 745 749 828 (Serti
767 744 869 807 Heldr.
885 747 928 806 rt.
943 746 994 806 Gr.
1009 764 1071 806 ens.
1088 736 1194 810 t786!
1217 736 1339 823 Orph!)‚

47 844 159 902 montis
173 839 302 901 Velucbi
319 839 439 898 AEtoliae
458 835 583 918 (Samar.
602 845 631 897 et
644 836 737 898 Guioc
747 836 782 917 Ι),
802 836 922 914 Olympi
940 837 1080 896 Thessali
1094 836 1200 916 (Heldr
1212 838 1244 916 l),
1258 856 1339 898 mon·

46 934 121 991 tium
141 931 331 992 Macedoniae
349 927 515 1008 (Grisebl).
535 927 581 988 rt.
599 928 667 988 Jnn.

93 1032 196 1107 Galyx
227 1033 257 1090 in
282 1031 493 1106 speciminibus
522 1029 647 1090 Oretiois
677 1030 824 1089 interdum
850 1030 1021 1103 glabrescit.
1048 1028 1171 1104 Species
1188 1029 1284 1088 affinis
1303 1030 1340 1091 H.

44 1124 162 1201 plobroe
182 1143 200 1182 a
227 1122 284 1196 qua
307 1126 413 1195 prater
431 1121 561 1180 radicem
580 1125 791 1195 perennantom
811 1127 839 1179 et
861 1137 959 1179 ramos
976 1121 1080 1179 subtus
1099 1121 1268 1179 radicantes
1286 1120 1340 1178 dii-

48 1217 108 1274 iert
125 1214 210 1273 loliis
229 1213 383 1272 latioribus
401 1211 613 1283 obtusioribus,
630 1209 803 1284 glomerulis
820 1209 947 1284 foliosis,
967 1209 1089 1270 floribus
1107 1211 1198 1286 paulo
1218 1211 1338 1285 majori·

49 1307 105 1364 bus
119 1302 381 1378 subpedicrllatis.
403 1299 525 1373 Stlpulae
537 1300 580 1358 eis
592 1300 718 1360 aliarum
731 1301 897 1374 specierum
909 1302 1028 1374 generis
1041 1302 1170 1377 majores
1183 1305 1212 1359 et
1224 1300 1341 1375 longius

51 1395 171 1454 ciliatae.
193 1425 236 1439 -
255 1391 292 1451 H.
310 1393 458 1468 permista
475 1389 541 1449 Jan.
560 1407 577 1448 e
595 1389 697 1450 stollis
716 1390 820 1465 calyce
837 1391 915 1464 pube
932 1390 1024 1465 longa
1039 1389 1157 1465 hispido
1175 1390 1285 1450 differt.
1384 1422 1388 1429 ·

96 1655 149 1721 H.
175 1654 354 1739 Argaea,
381 1651 527 1718 caulibus
551 1651 703 1717 brevibus
727 1651 910 1739 prostratis,
943 1650 1027 1717 loliis
1051 1649 1197 1718 obovatis
1220 1649 1342 1736 glabris

52 1743 99 1810 vel
121 1740 275 1828 margine
295 1740 436 1807 breviter
454 1740 586 1822 sitiatis,
612 1739 747 1806 lloribus
768 1738 996 1806 subsessilibus
1017 1737 1050 1805 in
1068 1739 1266 1824 glomerulos
1285 1760 1342 1826 ap·

53 1831 257 1919 proximatos
277 1826 324 1892 7-
338 1827 380 1896 to
400 1829 498 1895 lloros
517 1827 697 1916 dispositis,
723 1830 828 1916 calyce
849 1838 941 1896 ovato
962 1827 1035 1915 pilis
1055 1826 1171 1915 patulis
1192 1827 1343 1894 brevibus

54 1917 303 2006 svvbaequalibus
322 1916 479 1999 velutin0‚
504 1919 584 2004 stylo
607 1916 709 1998 brevi,
737 1917 886 2004 stigmate
911 1916 1188 2004 capitato-bilobo.
1222 1916 1339 1983 Peren-

58 2027 153 2074 nans,

102 2113 181 2173 Hab.
202 2114 233 2172 in
250 2113 373 2186 regione
391 2114 494 2188 alpinai
513 2115 621 2172 montis
639 2113 738 2188 Argaei
756 2112 957 2189 Cappadociae
974 2112 1080 2192 (Ball).

104 2215 151 2275 Ab
169 2215 207 2274 H.
227 2216 342 2275 lireotd
359 2214 438 2274 foliis
457 2215 576 2272 minutis
597 2215 854 2284 glabresoentibus
867 2215 963 2273 oratis
982 2215 1106 2292 obtusis,
1125 2214 1238 2290 calycis
1263 2215 1340 2290 pube

61 2305 142 2364 brevi
162 2307 290 2385 aequali3
307 2308 346 2364 ab
364 2305 399 2364 H.
427 2305 608 2365 Parnassicd
634 2305 723 2368 ramis
748 2323 807 2363 non
835 2305 1052 2376 radicantibus,
1071 2305 1188 2380 stipulis
1212 2304 1341 2372 minutis,

61 2395 235 2470 glomerulit
254 2395 418 2454 multifloris
436 2401 465 2454 ct
482 2396 560 2471 stylo
578 2395 731 2455 bidentato
748 2395 901 2454 distincta.

579 2646 643 2722 ††
667 2649 826 2707 Perennes.

105 2832 155 2898 H.
176 2833 343 2900 incana
363 2832 470 2918 (Lam.
494 2831 571 2898 Dict.
596 2831 653 2912 ΙΙΙ,
675 2853 705 2917 p.
728 2829 806 2918 tat)
829 2830 1174 2911 velotino-canescens,
1196 2830 1342 2900 caulibus

63 2915 187 2984 inlerne
216 2918 375 2986 induratis
401 2920 491 2986 humi
519 2919 666 3008 expansis
693 2919 848 3004 elongatis
873 2917 1026 3000 ramosis,
1058 2917 1142 2985 loliis
1168 2919 1268 2985 oratis
1294 2922 1343 2987 vel

64 3006 409 3093 oblongo-lanceolatis
428 3009 496 3075 basi
518 3009 703 3090 attenuatis,
724 3007 859 3074 lloribus
878 3005 1076 3094 pedicellatis
1096 3006 1129 3072 in
1145 3007 1343 3093 glomerulos

64 3091 116 3159 ab
135 3095 236 3161 lloros
258 3099 324 3163 laxe
344 3097 508 3184 dispositis
528 3099 576 3162 vel
596 3096 769 3179 solitariis,
794 3098 900 3184 calyce
919 3106 1012 3162 ovato
1031 3095 1105 3182 pilis
1125 3096 1242 3182 patulis
1262 3097 1343 3164 albis

65 3184 243 3270 equalibus
264 3186 366 3274 longis
385 3186 524 3268 hirsuto,
546 3185 750 3272 stigmatibus
770 3184 998 3251 subsessilibus
1017 3183 1200 3251 divaricatis
1227 3197 1274 3261 tt.
1298 3186 1339 3251 H.

64 3293 270 3427 mnppporpo
289 3273 391 3342 Sibtb.
414 3273 458 3340 rt.
473 3273 528 3341 Gr.
551 3275 616 3341 tab.
633 3273 708 3340 0252.
731 3273 774 3338 H.
792 3275 917 3339 Besserl
936 3271 1042 3339 risen.
1066 3272 1098 3338 in
1116 3271 1215 3338 Horn.
1231 3272 1339 3362 Suppl.

108 3469 185 3529 Hab.
204 3471 236 3528 in
255 3471 380 3530 collibus
398 3473 554 3546 menterno,
575 3471 692 3530 Graecia
709 3471 737 3527 in
759 3469 876 3527 blalevo
892 3467 1003 3546 (Orplr.
1023 3469 1070 3528 ΙΙΙ.
1100 3467 1151 3529 Gr.
1179 3487 1241 3528 exs.
1260 3467 1343 3550 ffll)

69 3561 95 3613 et
113 3558 260 3618 Parnasso
277 3558 383 3636 (Guicc
394 3559 425 3638 Ι),
445 3561 620 3621 Macedonia
638 3567 667 3619 et
692 3559 823 3618 Thracia
843 3558 967 3633 (Frivl),
988 3559 1130 3618 Anatolio
1154 3561 1183 3617 in
1201 3559 1344 3636 Btthynta

69 3638 240 3730 (Tirirlrel),
260 3657 357 3709 monte
379 3651 484 3726 Sipylo
501 3651 606 3725 Lydiae
623 3650 699 3725 (Bal.
720 3666 781 3708 ers.
801 3646 918 3728 5751),
936 3649 1039 3708 Tauro
1058 3648 1181 3709 Gilicico
1200 3643 1261 3736 (Ky
1280 3670 1342 3710 exs.

69 3733 127 3797 201
142 3736 188 3816 Ι),
209 3739 349 3797 Armenia
367 3740 495 3801 Turcica
513 3741 551 3800 ad
570 3741 698 3799 Balbout
716 3736 884 3821 (Bourgl),
905 3747 1019 3798 montes
1037 3737 1187 3798 Cataonia
1204 3747 1233 3798 et
1250 3739 1345 3816 Syriae

70 3827 193 3888 borealis
214 3827 401 3908 (Hausslrl),
424 3831 612 3891 Antilibanus
638 3830 715 3886 inter
742 3828 900 3904 Rascbeya
930 3833 959 3887 et
988 3829 1167 3888 Damascum
1195 3827 1344 3910 (Boissl),

71 3914 177 3979 'lauria
194 3925 225 3977 et
251 3937 335 3993 prov.
366 3919 464 3978 Trans
482 3929 511 3978 et
540 3919 755 3980 Oiseauoasicae
775 3915 909 3998 (cnut
928 3918 1080 3996 Hobenl),
1099 3919 1205 3978 Persia
1220 3920 1284 3980 bor.
1307 3922 1345 3980 ad

72 4005 211 4068 Radkann
231 4007 343 4085 (Bubsc
357 4006 395 4089 Ι),
414 4015 443 4068 et
461 4012 490 4067 iu
507 4027 592 4083 prov.
614 4008 783 4070 Astarabad
800 4006 956 4085 (Bungel),
975 4007 1134 4083 Affgbania
1150 4007 1243 4081 (Gritt
1248 4007 1284 4088 Ι).
1299 4011 1345 4070 ll.

73 4093 221 4160 Mai-lun.

79 4283 113 4364 (T
142 4197 355 4377 Ar.)tieogr.
382 4203 501 4278 Europa
531 4205 670 4262 australis
699 4205 736 4262 ab
767 4203 913 4277 Hispanis
946 4203 983 4260 ad
1016 4203 1153 4263 Bossiam
1188 4206 1349 4264 australem

115 4301 234 4354 rautv..

90 4621 95 4633 Ι
117 4539 163 4606 Η.
176 4542 408 4628 olympica
428 4543 467 4628 (Ι.
482 4543 547 4631 Gay
566 4543 599 4608 in
621 4542 798 4609 Dncbartre
819 4545 895 4609 Rev.
919 4544 986 4610 Bot.
1016 4545 1110 4626 tatto,
1126 4569 1158 4633 p.
1181 4544 1259 4632 370)
1279 4562 1355 4612 cau·

79 4621 155 4692 libus
174 4629 270 4698 dense
291 4630 409 4698 loliatis
429 4631 720 4720 procumbentibus
740 4631 933 4699 abbreviatis
954 4633 1108 4716 ramosis,
1137 4634 1220 4701 loliis
1249 4633 1356 4724 parvis
