3230 5190
864 359 928 428 928

255 498 327 566 latis
347 497 481 578 obtusis,
503 497 667 586 corymbis
680 497 897 566 densiusculis
909 497 1109 586 paucilloris‚
1130 501 1248 588 calycis
1266 502 1384 590 hispidi
1396 505 1436 570 ad
1450 503 1538 572 basin

257 585 363 742 partiti
384 586 509 654 laciniis
529 587 716 654 lanceolotis
736 586 857 669 acutis,
882 587 997 675 petalis
1022 587 1172 674 oblongis
1196 589 1428 659 obtusiusculis
1447 594 1539 660 dorso

270 676 350 743 rirlis
370 675 403 742 in
424 676 509 744 sicco
529 675 802 758 viridi-lasciatis,
830 675 1022 742 staminibus
1047 679 1169 744 corolla
1190 679 1284 746 [ertit
1303 692 1396 768 parte
1415 681 1540 748 brelio-

259 765 363 847 ribus,
383 764 482 832 orarii
502 764 606 850 glabri
627 765 734 850 gibbis
753 763 871 831 crassis
891 764 1015 832 obtusis
1034 767 1139 834 loculo
1160 766 1366 836 brevioribus
1395 782 1443 846 tc.

304 860 376 918 Hab.
396 861 424 918 in
443 859 585 918 Armenici
604 854 714 941 (anet.
733 876 797 918 ess.
818 855 885 921 8t8
905 877 941 917 ex
960 867 1044 933 parte
1057 863 1086 935 tt.

304 948 412 1009 (lantes
431 954 535 1008 tenues
552 945 616 1008 4-5
635 949 794 1023 pollicares
813 949 879 1008 laxe
896 947 1006 1024 foliosi,
1024 949 1097 1008 lolia
1114 947 1179 1011 5-6
1196 953 1291 1011 lineas
1310 954 1541 1031 longa,eoryn1-

261 1041 316 1100 bus
333 1057 443 1114 parvus
462 1036 521 1100 7-9
540 1039 643 1098 florus.

304 1256 355 1322 tt.
368 1254 593 1342 Bourqael,
614 1251 761 1319 caulibus
780 1251 1029 1318 ascendentibus
1041 1252 1193 1320 brevibus
1205 1253 1266 1319 sub
1278 1255 1365 1320 lente
1378 1253 1545 1341 puberulis

260 1342 461 1432 simplicibus
491 1343 539 1408 vel
572 1341 725 1423 ramosis,
758 1340 842 1407 loliis
868 1340 1095 1427 glabriusculis
1119 1341 1152 1407 in
1183 1341 1340 1428 petiolum
1373 1346 1545 1411 attenuatis

259 1445 352 1500 ovato
372 1433 419 1497 vel
439 1431 579 1518 oblongo
592 1467 605 1478 -
619 1429 809 1518 spatbnlatis
829 1428 1054 1510 acutiusculis,
1075 1429 1237 1508 corrmbis
1256 1431 1453 1518 paucilloris
1471 1433 1545 1498 den-

260 1520 409 1588 siusculis
439 1519 579 1602 foliosis,
612 1517 776 1620 pedicellis
807 1517 914 1606 calyce
944 1504 1228 1601 subbrevioribus,
1259 1520 1383 1618 calpcis
1416 1521 1544 1588 lanatnli

283 1609 417 1678 rolunde
436 1607 545 1696 partiti
565 1606 691 1674 laemiis
723 1605 872 1690 oblongis
902 1604 1044 1688 obtusis,
1074 1607 1188 1694 petalis
1218 1607 1342 1694 glabris
1373 1610 1426 1675 vel
1457 1630 1545 1697 paror

260 1632 389 1765 bimulis
412 1696 513 1764 oratis
536 1695 678 1778 obtusis,
710 1694 902 1764 staminibus
933 1695 1053 1761 corolla
1082 1696 1177 1762 tertid
1205 1708 1296 1784 parte
1323 1696 1544 1780 brevioribus,

259 1786 359 1855 ororii
385 1785 487 1870 glabri
513 1787 560 1852 vel
589 1805 685 1872 parce
711 1782 823 1850 birtuli
849 1781 957 1869 gibbis
984 1783 1101 1850 crassis
1127 1784 1248 1851 coniois
1275 1786 1388 1852 loculo
1417 1787 1545 1854 dimidio

191 1949 196 1960 ,
261 1873 465 1943 brevioribus
490 1891 535 1954 aa.

304 1984 381 2042 Hah.
400 1984 429 2039 in
446 1983 605 2058 praeruptis
624 1980 772 2039 Armeniae
799 1979 931 2040 lbrciooe
955 1978 995 2037 ad
1018 1976 1255 2040 Gnmuehlrband
1269 1975 1413 2058 (Bourgi
1434 1983 1543 2045 Telaib!

260 2075 315 2134 snb
333 2073 367 2132 H.
390 2069 540 2145 Amano).

305 2161 412 2222 Cautes
431 2161 640 2236 semipedales,
661 2159 730 2220 solia
750 2163 780 2217 et
806 2159 898 2218 iacies
920 2157 948 2217 H
979 2157 1111 2227 Armeni,
1132 2159 1185 2218 sed
1211 2159 1302 2219 flores
1323 2163 1460 2238 majores
1476 2161 1545 2234 (4-5

259 2255 309 2312 Ιίιι.
332 2245 436 2334 longi),
456 2252 557 2326 petala
575 2251 681 2309 latiora
699 2249 761 2308 scre
774 2244 880 2324 glabra
893 2257 923 2307 et
940 2250 1034 2307 forma
1052 2249 1225 2310 laciniamm
1244 2251 1361 2326 calyeis
1375 2252 1507 2311 diversa

303 2462 354 2529 Η.
374 2461 597 2548 pumilum
616 2454 731 2524 (Boiss.
754 2455 868 2543 Diagn.
889 2453 957 2522 Sor.
983 2455 1008 2537 l,
1031 2455 1056 2536 l,
1079 2477 1109 2543 p.
1132 2454 1189 2543 bl)
1211 2459 1443 2526 tomentellnm
1464 2461 1546 2546 glau-

258 2569 347 2630 cum,
368 2547 514 2614 caulibus
534 2544 803 2628 ascendentibus,
824 2543 908 2610 foliis
927 2543 1094 2610 sessilibus
1115 2545 1483 2635 lanceolam-oblongis
1502 2551 1545 2617 rel

258 2637 435 2704 linearibus
455 2634 570 2716 acutis,
591 2631 747 2721 corymbo
766 2644 920 2719 congesto
933 2669 947 2682 ·
961 2632 1121 2722 capitato,
1149 2631 1316 2733 pedicellis
1342 2635 1429 2704 llore
1448 2639 1544 2706 multo

258 2724 484 2808 brevioribus,
512 2721 628 2810 calycis
653 2721 770 2788 minuti
794 2721 953 2810 profunde
995 2720 1082 2787 artiti
1103 2720 1228 2790 laciniis
1247 2721 1345 2792 hirtis
1365 2725 1543 2814 triangula·

258 2815 350 2882 ribus
370 2813 484 2895 acutis,
506 2811 619 2899 petalis
638 2809 787 2896 oblongis
806 2808 909 2878 acutis
927 2742 1048 2896 glairris
1068 2809 1115 2876 vel
1128 2809 1226 2876 dorso
1239 2810 1347 2894 hirtis,
1370 2813 1544 2882 filamentis

257 2902 443 2970 corollarii
464 2898 687 2980 brevioribus,
713 2897 824 2965 orario
848 2896 960 2984 glabro
988 2896 1094 2964 rarius
1121 2898 1206 2964 inter
1228 2919 1384 2968 verrucas
1407 2904 1542 2990 sparsim

257 2991 377 3058 birtulo
396 2987 569 3058 corniculis
588 2985 708 3054 conicis
728 2986 833 3054 loculo
852 2985 1035 3074 quadruplo
1055 2984 1261 3054 brevioribus
1289 2998 1337 3063 tr.

300 3099 376 3158 Hab.
395 3099 423 3156 in
444 3097 571 3157 collibus
588 3095 692 3169 hydro
710 3093 748 3152 ad
766 3093 962 3162 Laodiceam,
986 3095 1014 3150 in
1035 3099 1134 3152 monte
1152 3093 1268 3169 Mesogi
1294 3114 1393 3172 prope
1419 3098 1541 3175 Baysda

254 3195 283 3248 et
301 3190 382 3250 circa
402 3184 544 3246 Denisleh
560 3183 655 3243 Carice
674 3179 790 3265 (Boissl
811 3183 865 3242 Pin
879 3181 886 3242 !
901 3178 921 3262 ).

297 3277 393 3338 Valde
411 3276 498 3335 affine
517 3272 555 3334 H.
583 3272 782 3344 suaveolenti,
805 3273 906 3333 oanles
930 3271 1039 3345 saepius
1063 3271 1231 3347 breviores,
1250 3272 1323 3332 folia
1341 3275 1470 3355 minora,
1496 3297 1539 3338 eo

253 3370 374 3446 rymbus
393 3367 554 3428 confertior
573 3365 729 3440 pedicellis
746 3361 952 3436 brevioribus,
971 3361 1073 3436 petala
1090 3361 1281 3440 angustiora,
1307 3364 1399 3440 calyx
1420 3368 1542 3427 corolla

253 3457 445 3535 proportione
465 3453 593 3516 brevior.

296 3673 346 3742 H.
367 3669 549 3740 Reuteri
576 3665 691 3756 (Boiss.
714 3663 829 3752 Diagn.
852 3663 920 3732 Ser.
944 3663 974 3746 l,
994 3661 1033 3745 ll,
1054 3683 1085 3818 p.
1108 3659 1166 3751 87)
1188 3660 1364 3743 birtcllnm‚
1388 3661 1541 3730 caulibus

250 3758 499 3830 ascendentibus
530 3754 730 3844 simplicibus
760 3753 874 3834 nanis,
907 3751 990 3819 soliis
1021 3773 1058 3818 su
1084 3749 1264 3817 imbricatis
1296 3750 1404 3837 parvis
1436 3753 1540 3818 oratis

249 3847 458 3922 acutiusculis
477 3847 517 3912 ab
537 3843 658 3912 infimis
678 3841 820 3909 minimis
840 3841 878 3908 ad
900 3839 1070 3930 superiora
1089 3839 1211 3907 sensim
1232 3837 1356 3922 auctis,
1377 3839 1539 3928 corymbo

249 3942 350 4008 denso
369 3938 527 4025 capitato,
554 3932 717 4022 pedicellis
737 3927 954 4012 brevissimis,
982 3928 1098 4017 calycis
1124 3927 1221 3994 lanati
1240 3927 1405 4081 profunde
1425 3929 1537 4016 partiti

249 4027 375 4098 laciniis
395 4021 648 4109 triangularibus
667 4017 895 4100 acutiusculiS,
917 4017 1030 4105 petalis
1050 4015 1199 4116 oblongis
1219 4036 1238 4083 o
1262 4014 1343 4082 tusis
1363 4015 1467 4083 dorso
1488 4018 1537 4106 pi·

249 4117 344 4198 losiS,
376 4109 549 4182 filamentis
568 4108 688 4177 corolld
706 4108 803 4195 paulo
823 4103 1046 4189 brevioribuS,
1078 4124 1189 4171 ovano
1208 4102 1321 4190 glabro
1340 4103 1535 4191 pauoiglan·

249 4206 363 4273 duloso
383 4199 556 4270 corniculis
576 4195 676 4265 oratis
695 4197 801 4263 loculo
820 4192 1024 4280 longioribus
1049 4209 1093 4274 gc.

294 4313 371 4371 Hab.
385 4313 415 4368 in
433 4305 521 4368 (laria
539 4305 662 4385 (Pinard
673 4304 705 4379 l).

294 4402 401 4460 Planta
417 4396 622 4472 tripollioaris,
642 4394 713 4452 folia
740 4391 854 4468 majora
872 4387 893 4452 5
918 4389 1013 4448 lineas
1033 4391 1124 4464 longa
1141 4385 1157 4448 l
1174 4383 1216 4472 Ἰ,
1233 4389 1303 4460 lata,
1322 4389 1487 4462 eorymbus
1504 4396 1534 4450 et

250 4493 339 4550 flores
357 4488 393 4550 ll.
411 4487 522 4566 pumilr'
539 4505 555 4544 a
571 4502 629 4560 qno
654 4483 753 4542 differt
774 4481 852 4540 foliis
879 4479 1040 4539 minoribns
1065 4477 1295 4538 consertionibus
1313 4479 1530 4554 obtusioribus,

250 4581 358 4656 petalis
375 4578 499 4655 obtusis,
517 4575 612 4634 orarii
631 4571 790 4632 corniculis
809 4570 967 4644 elongatis.
987 4567 1146 4643 Oapsnlam
1163 4572 1306 4626 maturam
1325 4585 1381 4628 non
1400 4567 1474 4626 vidi.
