3236 5204
672 401 735 470 705

71 540 194 607 thulalis
220 539 324 629 calyce
356 539 689 630 sesquilongioribns,
721 543 851 631 capsula
877 543 1122 631 ovato-globosa
1155 546 1262 636 calyce
1288 547 1339 616 vix

70 627 217 710 breviori,
238 627 417 697 seminibus
436 630 599 698 subtiliter
619 630 829 699 tuberculalis
852 640 902 712 Θ.

111 723 185 784 Hab.
203 723 235 785 iu
257 721 448 799 Cappadocia
471 727 510 783 ad
534 725 718 801 Euphratem
746 727 861 800 (Auch.
881 744 943 786 exs.
967 723 1052 788 607!
1066 735 1092 804 l,
1124 730 1341 806 Mesopotamia

70 805 238 894 (Grisebl),
255 812 381 888 Assyria
394 814 424 873 in
441 815 555 876 fissuris
573 815 690 893 rupium
707 815 818 876 deserti
835 817 912 876 inter
929 813 1003 876 Oria
1020 825 1050 877 et
1068 817 1181 879 Suerek
1198 815 1260 902 (Κ)7
1278 839 1340 880 exs.

71 898 131 966 751
149 899 308 984 Hsusslrll.

111 993 216 1053 Planta
231 990 289 1055 25
306 993 470 1071 polliceris,
488 993 561 1054 solia
576 993 662 1056 infer.
680 991 739 1057 54
755 996 849 1055 lineas
866 997 937 1074 lata,
953 995 1070 1056 floralia
1087 998 1235 1071 breviora,
1255 1001 1343 1077 calyx

68 1084 173 1144 lineam
191 1083 310 1144 circiter
324 1083 443 1160 longus.
468 1082 574 1146 Facies
591 1082 625 1143 A.
644 1092 837 1147 controversa
856 1091 886 1145 et
900 1087 1049 1160 modesto,
1068 1105 1087 1146 a
1103 1089 1340 1164 precedentibus

70 1174 205 1235 loliorum
222 1172 318 1233 forma
335 1173 462 1233 diversa.

111 1260 176 1323 Ode.
199 1259 233 1322 A.
247 1263 370 1324 sertim
386 1262 499 1324 Obaub.
517 1262 563 1323 lu.
583 1263 686 1341 Pdlop.
709 1274 743 1325 n⁰
761 1261 846 1337 699,
863 1267 924 1327 tab.
940 1263 997 1344 st,
1014 1271 1066 1343 fig.
1086 1269 1110 1329 1.
1122 1287 1168 1326 =
1183 1269 1218 1330 A.
1238 1287 1341 1332 emor-

67 1354 168 1430 piooto
185 1356 327 1414 Brut:
341 1353 377 1413 Α.
396 1355 498 1414 conice
521 1355 618 1415 Boios.
637 1355 712 1431 Voy.
731 1355 804 1432 Esp.
828 1360 861 1415 nt
878 1363 908 1416 et
929 1355 965 1418 Α.
986 1355 1130 1434 Goalseio
1145 1357 1259 1422 Oncnb.
1280 1364 1339 1421 loo.

68 1445 114 1504 cit.
134 1452 168 1503 n⁰
189 1439 265 1520 701,
279 1447 340 1505 tab.
358 1441 412 1522 24,
430 1448 479 1520 lig.
493 1441 524 1514 2.
544 1445 690 1505 immerito
708 1451 737 1505 et
754 1463 790 1504 ex
807 1445 980 1506 confusione
993 1449 1200 1510 schedularum
1213 1451 1345 1512 herbarii

67 1531 185 1594 Fauohe
202 1535 232 1592 in
251 1532 369 1595 Gracia
385 1535 563 1595 indicantur.
583 1536 667 1595 Prior
685 1535 714 1594 in
731 1533 878 1610 Hispania
894 1538 1026 1612 australi,
1040 1540 1190 1614 posterior
1201 1541 1230 1602 iu
1244 1539 1346 1602 Gallia

67 1623 283 1710 mediterranea
299 1629 412 1684 tautum
430 1625 581 1701 hucusque
600 1626 684 1685 lecte
700 1624 828 1684 luerunt.

455 1855 666 1932 sructura
693 1857 738 1953 (ι.
762 1859 835 1933 un.
866 1857 957 1954 ses).

107 2078 198 2168 Calyr
220 2078 242 2146 5
261 2079 443 2169 (rarissime
461 2078 497 2166 4)
518 2079 657 2167 sepalus.
675 2079 781 2146 Petale
794 2079 893 2146 bifida
906 2082 954 2146 vel
968 2079 1131 2168 bipartita.
1146 2082 1290 2152 Stamina
1303 2084 1345 2152 10

67 2168 186 2256 (rarius
206 2169 376 2256 pauciora)
396 2168 566 2257 hypogyna
585 2169 634 2234 vel
652 2167 742 2235 disco
762 2168 1092 2258 elongatoperigyna.
1107 2169 1346 2260 8411341115-

65 2256 142 2324 sime
162 2257 209 2334 tt.
231 2256 382 2324 Ovarium
401 2256 493 2322 multi
512 2258 561 2322 vel
581 2255 853 2344 pauciovulatum.
876 2255 1011 2344 Capsula
1031 2257 1071 2324 ad
1091 2259 1141 2326 vel
1167 2261 1252 2328 ultra
1280 2283 1346 2328 rne-

63 2344 150 2412 dium
180 2344 201 2412 6
225 2345 391 2416 rarissime
416 2342 439 2412 4
464 2344 571 2411 valvis.
593 2343 723 2412 Semina
745 2365 810 2412 non
834 2344 960 2412 arillata
983 2346 1173 2415 renilormia
1197 2369 1215 2416 a
1240 2351 1340 2418 latere
1389 2381 1392 2385 ·

65 2433 375 2590 ευὸοοῐῃρτθέεει.-
394 2431 510 2500 Herbae
530 2433 647 2520 saepius
666 2443 787 2500 tenerae
807 2432 945 2516 diffusae,
966 2454 1083 2502 annuae
1104 2438 1151 2502 vel
1170 2458 1343 2526 perennes,

66 2521 200 2590 floribus
221 2523 249 2590 al
275 2522 313 2590 is.

65 2729 156 2799 Sscr.
178 2730 203 2797 l.
233 2730 466 2801 Psauurnsma.
481 2771 526 2782 —
544 2733 664 2822 Sepoto
681 2733 792 2822 petalo
808 2742 839 2801 ct
857 2733 1047 2820 staminei,
1070 2735 1167 2804 becco
1185 2737 1272 2804 diam
1287 2759 1344 2826 pe-

145 2821 264 2908 ripyoo
282 2821 416 2888 inserta.
439 2821 529 2912 Styri
547 2823 621 2890 dato.
647 2821 806 2889 Oooriom
824 2824 1014 2910 slipitotom
1032 2823 1055 2891 6
1073 2825 1255 2893 coelatum.

104 3031 407 3104 summosses
426 3031 542 3120 (Boiss.
558 3039 588 3098 et
606 3030 712 3098 Buhse
730 3030 822 3097 Aula.
837 3051 868 3118 p.
891 3029 950 3120 41)
970 3033 1084 3120 glauca
1103 3033 1228 3118 glabra,
1250 3038 1341 3105 caule

62 3121 204 3190 tenuiter
222 3119 365 3188 fililormi
385 3130 493 3188 erecto
512 3120 696 3188 dichotomc
716 3129 748 3185 et
766 3117 866 3186 effuse
885 3141 1032 3209 cymoso,
1056 3121 1223 3221 pedicellis
1242 3124 1341 3212 capil-

63 3211 183 3278 laribus
204 3209 353 3297 rigidulis
374 3210 503 3277 tandom
522 3208 639 3297 patulis
658 3208 766 3361 calpae
785 3207 907 3295 pluries
926 3208 1142 3296 longioribus,
1163 3209 1248 3278 loliis
1267 3213 1342 3280 sub·

62 3299 200 3366 enerviis
220 3297 341 3365 intimis
360 3297 500 3365 breviter
519 3295 716 3385 petiolatiso
740 3294 844 3382 longis
864 3296 987 3366 obtusis
1007 3297 1131 3364 caeteris
1151 3299 1342 3370 lanceolata

60 3385 239 3455 linearibus
251 3387 462 3468 mucronatis,
476 3385 592 3474 sepelis
604 3383 789 3451 lanceolatis
808 3385 1184 3452 attenuato-acuminatis
1204 3399 1340 3474 anguste

61 3473 323 3544 membranaceis
341 3475 484 3544 obsoleta
504 3471 703 3556 uninerviis,
730 3471 844 3561 petalis
870 3473 1048 3542 linearibus
1073 3473 1214 3542 breviter
1233 3474 1341 3546 bifidis

61 3565 167 3655 calyce
195 3561 481 3645 subbrevioribus,
502 3583 539 3630 ca
563 3562 632 3629 salt
652 3561 793 3648 oblonga
818 3563 926 3651 calyce
953 3560 1156 3630 subbreviori
1182 3563 1222 3630 ad
1247 3563 1340 3634 basin
1467 3650 1468 3656 η

62 3651 274 3742 quadrivalvi,
294 3652 473 3720 seminibus
491 3585 832 3738 gisiaco-compressis
850 3649 974 3718 minute
994 3650 1156 3739 rugulosis
1179 3659 1230 3731 Q).

105 3749 183 3808 Hab.
213 3747 243 3805 in
271 3748 420 3807 montibus
450 3763 543 3821 prope
571 3743 655 3804 Yezd
686 3745 797 3803 Persice
826 3745 977 3804 orientalis
1006 3747 1046 3804 ad
1073 3762 1183 3820 pagum
1213 3745 1341 3808 Maewar

62 3825 220 3912 (Buhsel.

105 3835 214 3986 plant}
230 3920 289 3987 54
306 3925 477 4002 polliceris,
503 3921 596 3984 facies
618 3919 701 3984 Stell.
720 3923 841 3983 nitentis
858 3921 942 3983 Nutt.
961 3923 1009 3981 vel
1026 3921 1144 3982 Alcinoo
1167 3923 1339 4000 teacisob'oe,

61 4015 201 4091 pedicelli
219 4011 277 4076 45
293 4014 404 4090 lineas,
433 4011 521 4088 calyx
536 4011 671 4072 fructifer
691 4013 900 4088 sesquilineam
924 4013 1041 4088 longus.
1061 4011 1218 4074 Glandulao
1234 4011 1257 4075 4
1273 4035 1339 4076 cnm

61 4105 220 4167 filamentis
236 4105 357 4165 altemae
373 4103 528 4180 elongatur,
546 4101 703 4162 columella
719 4101 830 4180 brevis,
847 4100 969 4162 funiculi
985 4101 1126 4178 elongati.

62 4283 155 4354 srcr.
177 4285 218 4354 ll.
245 4286 485 4356 Otreosrnamn.
508 4322 552 4336 -
570 4283 689 4374 Sepolo
714 4293 743 4352 et
759 4285 870 4372 patulo
889 4285 926 4352 5.
955 4283 1046 4374 styli
1070 4285 1145 4353 duo.
1179 4284 1341 4356 Oocriom

569 4373 630 4440 4-6
648 4373 828 4440 ademtam.

105 4535 145 4604 S.
168 4536 458 4622 Kotschyana
483 4533 595 4624 (Fenzl
615 4533 649 4602 in
669 4533 715 4623 lly
735 4535 779 4622 pl.
801 4533 890 4601 Pers.
912 4545 1014 4602 austr.
1037 4533 1138 4625 1845)
1166 4537 1290 4606 minute
1310 4551 1341 4607 et

1162 4649 1196 4705 45
