3300 5192
700 376 760 444 531

99 512 188 574 rosea
207 514 303 596 parva
322 515 625 578 cuneata-truncati
645 511 847 593 semibilidd,
875 515 1007 601 capsula
1032 515 1140 604 calyce
1166 515 1372 584 subbreviori

99 596 341 666 membranacei
360 599 449 687 apice
470 600 712 682 subcrustaced,
733 600 913 668 seminibus
932 601 988 668 tc
1009 603 1221 672 tuberculatis
1243 613 1293 685 Θ.

140 706 217 766 Hab.
236 708 266 765 in
283 707 371 783 Syria
389 709 454 768 loco
473 727 532 767 non
552 715 654 768 notato
675 709 776 787 (Boiss
788 704 821 792 l).

140 809 241 868 (lautis
258 818 290 870 ut
306 812 423 870 videtur
441 813 621 872 decumbens
640 815 730 871 ramis
747 813 915 889 fragilibus,
934 815 1023 889 calyx
1036 813 1057 876 5
1069 809 1114 897 Ἰ,
1134 816 1228 874 lineas
1247 814 1380 875 fructifer

100 895 186 960 ialin.
206 901 324 974 longus.
343 901 449 960 Ditl'ert
472 921 491 962 a
507 901 656 966 &rimosa
672 903 894 963 indurescentia
912 923 968 962 uon
987 907 1149 981 coarctata,
1168 906 1292 980 capsula
1311 907 1378 965 bre·

101 990 187 1067 riori,
204 1009 222 1048 a
238 989 272 1050 S.
294 989 439 1052 Orientali
456 994 546 1052 ramis
567 1011 629 1053 non
652 993 838 1053 filiiormibus
857 994 1010 1070 rigidulis,
1031 996 1142 1070 calycis
1160 996 1299 1056 dentibus
1318 1012 1380 1054 non

84 1079 273 1150 ¹lanceolatis
296 1083 485 1142 acuminatis.

143 1323 180 1394 S.
204 1325 387 1395 viscosa
414 1324 590 1415 (currey
615 1325 743 1391 linum.¹
752 1347 784 1413 p.
809 1323 887 1413 tlt)
916 1324 1263 1412 piloso-viscosissima‚
1289 1329 1381 1395 caule

105 1423 205 1479 erecto
226 1434 313 1481 nano
333 1413 532 1496 dichotomo,
561 1413 714 1514 corymbo
734 1422 910 1493 coarctato,
939 1413 1023 1480 loliis
1048 1414 1227 1482 uninerviis
1252 1417 1381 1484 lanceo-

105 1500 170 1566 latis
189 1500 327 1582 obtusis,
348 1502 513 1591 pedicellis
525 1513 643 1570 erectus
656 1504 763 1590 calyce
776 1500 1056 1586 subbrevioribus,
1079 1505 1184 1594 calyce
1205 1505 1382 1594 cylindrico

106 1588 266 1658 tructiiero
286 1601 422 1676 anguste
442 1591 583 1679 oblongo
603 1591 755 1658 dentibus
775 1589 1030 1674 triangularibus
1049 1592 1165 1674 acutis,
1186 1615 1296 1680 ungue
1316 1615 1382 1662 non

106 1688 239 1762 exserto,
262 1680 383 1747 lamina
402 1679 537 1747 minimi
558 1685 651 1747 rosea
671 1683 808 1746 cuneata
827 1678 1022 1754 semibilrdd,
1043 1682 1174 1768 capsula
1189 1684 1296 1771 calyce
1309 1683 1383 1750 sub-

106 1767 239 1852 longiori
261 1767 352 1858 apice
372 1774 555 1852 mustacea,
577 1767 757 1836 seminibus
775 1765 835 1834 tc
857 1767 1067 1836 tuberculatis
1090 1778 1141 1850 Θ.

148 1875 224 1936 Hab.
245 1877 274 1934 in
293 1877 436 1936 Armenia
457 1878 495 1936 ad
514 1876 764 1937 Nackitsclrewan
779 1873 930 1951 (Snowl),
949 1892 1035 1950 prov.
1057 1875 1190 1952 Talyscb
1207 1876 1324 1953 (ctu
1339 1868 1384 1961 l),

108 1980 187 2036 pror.
206 1964 395 2042 Aderbidjan
414 1967 524 2026 Pereia
540 1967 577 2025 ud
595 1965 772 2040 Seidlrbodji
792 1955 938 2048 (Szowl).
958 1964 1003 2024 rt.
1020 1982 1105 2025 vere.

149 2065 286 2126 Plantula
302 2067 496 2144 bipollicaris‚
517 2065 604 2142 calyx
622 2062 796 2126 fructiferi
813 2065 864 2124 lin.
882 2065 1000 2142 longus.

148 2322 186 2392 S.
205 2322 451 2394 Orientalis
471 2322 520 2408 (L.
543 2320 597 2410 Sp.
620 2319 700 2410 585)
721 2332 840 2409 praeter
860 2320 936 2389 lolia
955 2320 1068 2409 glabra
1086 2321 1244 2409 palentini
1265 2322 1384 2410 pubes-

109 2410 343 2492 centi-riscida,
371 2411 461 2479 caule
486 2421 595 2478 erecto
618 2411 743 2499 pumilo
769 2433 787 2478 a
812 2411 894 2477 collo
914 2408 1117 2476 divaricatim
1136 2429 1265 2478 ramoso
1285 2411 1385 2479 ramis

108 2499 256 2567 tenuibus
282 2499 412 2587 rigidis,
440 2499 524 2567 loliis
550 2498 775 2566 subtrinerviis
803 2497 1014 2566 interioribus
1041 2497 1385 2588 oblongo-spathulatis

109 2587 227 2656 obtusis
246 2588 415 2656 floralibus
434 2587 613 2656 linearibus
632 2588 735 2654 acutis
748 2608 833 2676 saepe
846 2586 1005 2668 recurvis,
1026 2586 1180 2676 corymbo
1192 2588 1383 2670 lariusculo‚

109 2676 268 2763 pedicellis
288 2677 403 2744 erectis
423 2676 523 2766 calyci
543 2676 814 2764 subaquilongiS‚
840 2674 959 2764 calycis
979 2673 1132 2762 bispiduli
1154 2675 1261 2745 brevis
1281 2677 1384 2767 cylin-

108 2764 184 2831 drici
214 2765 372 2832 fructiferi
404 2765 533 2853 clliptici
563 2764 715 2831 dentibus
745 2764 893 2850 oblongis
923 2763 1385 2854 membranaceo-marginatis

108 2853 223 2936 acutis,
257 2855 378 2921 lamini
397 2853 521 2920 minuta
541 2857 634 2920 rosea
654 2857 793 2920 cuneata
814 2855 939 2935 retusa,
971 2854 1102 2940 capsula
1121 2852 1298 2941 oblongo-c
1322 2855 1383 2921 lin·

109 2941 193 3009 driea
212 2943 322 3032 calyce
341 2942 541 3031 aquilongd,
562 2940 743 3009 seminibus
764 2939 975 3008 tuberculatis
997 2949 1048 3020 Θ,
1076 2941 1177 3008 Rcbb.
1200 2944 1222 3009 f.
1244 2877 1333 3012 49in
1351 2965 1379 3011 c.

150 3048 225 3108 Hab.
244 3050 275 3106 in
292 3049 380 3108 siccis
399 3054 429 3107 et
444 3048 525 3124 agris
549 3047 668 3106 incultis
686 3046 808 3107 Graecia
828 3045 937 3125 (Auch.
955 3041 1054 3128 6291)
1065 3093 1072 3123 ,
1092 3047 1238 3124 Bithynia
1254 3049 1291 3108 ad
1311 3051 1386 3110 Bolu

108 3128 231 3219 (PestlJ‚
249 3137 389 3213 Phrygiae
406 3137 515 3216 (Ball),
539 3135 739 3212 Cappadociae
757 3132 868 3220 (Ball),
888 3130 1037 3196 Armeniae
1053 3137 1092 3196 ad
1109 3137 1250 3197 Eraerum
1268 3144 1298 3199 et
1310 3140 1388 3214 Ispir

109 3223 213 3302 (Hnett
235 3229 377 3306 Bourgl),
395 3245 479 3302 pror.
499 3226 633 3302 Talyscb
649 3223 812 3304 (cnut),
831 3226 944 3286 Persia
960 3225 1025 3286 bor.
1044 3227 1084 3286 ad
1105 3226 1217 3288 Tabris
1231 3227 1347 3307 (Bunge
1359 3225 1383 3308 l)

109 3315 181 3374 etin
198 3324 299 3378 monte
316 3310 426 3378 Elbrus
445 3316 508 3396 (Ky
527 3333 588 3376 exs.
608 3311 725 3400 2551).
745 3317 793 3376 Fl.
813 3316 880 3375 Jun.
899 3315 959 3375 lul.

151 3417 256 3478 Planta
276 3415 334 3481 ab
356 3417 519 3496 polliceris,
538 3416 626 3492 calyx
643 3415 755 3476 florifer
772 3411 847 3500 272
868 3415 919 3474 lin.
948 3415 1063 3490 longus.
1083 3415 1195 3476 Patalis
1213 3422 1387 3494 erecto-pa-

109 3507 342 3569 uulnerauerunt
360 3509 473 3584 praebet
491 3505 529 3565 ad
553 3503 733 3584 Gypcpbilaa
750 3525 787 3567 ex
805 3505 947 3566 affinitate
961 3501 997 3566 G.
1013 3506 1109 3583 picta,
1129 3506 1184 3566 sed
1201 3523 1315 3584 ungues
1339 3509 1387 3569 bi-

109 3594 207 3656 lineati
224 3603 255 3658 et
271 3599 358 3674 calyx
375 3596 567 3673 cylindriens.

152 3693 208 3758 Ar.
232 3695 358 3776 (iacgr.
385 3695 486 3758 Gallia
501 3695 641 3756 australis
659 3696 713 3754 sed
730 3695 772 3754 ibi
791 3695 917 3770 probab.
935 3694 1115 3756 introducta.

152 3951 191 4020 S.
204 3950 397 4039 parvula
417 3948 541 4038 (Bnnge
561 3947 594 4014 in
614 3945 727 4013 Lebm.
751 3966 782 4033 p.
805 3943 884 4032 att)
905 3944 1116 4030 eglandnlosa
1136 3947 1245 4033 patule
1265 3959 1298 4016 et
1316 3948 1389 4018 bre-

110 4037 189 4106 uiter
230 4039 380 4121 uberula,
400 4039 492 4106 caule
512 4057 598 4104 nano
617 4035 803 4102 dichotome
824 4051 966 4116 ramoso,
988 4031 1073 4100 loliis
1093 4033 1193 4101 oratis
1212 4037 1261 4104 vel
1278 4037 1389 4105 oblon-

112 4127 159 4214 gis
179 4063 403 4196 supntnnerviis
422 4124 584 4214 supremis
603 4121 826 4206 acutiusculis,
857 4121 1023 4210 pedicellis
1043 4122 1161 4189 erectis
1180 4125 1289 4214 calyce
1308 4127 1388 4194 sub-

111 4217 313 4305 aquilongis‚
341 4217 448 4306 calyce
467 4214 575 4304 patule
594 4213 742 4280 villosulo
761 4209 1098 4310 oblongo-cylindrico
1117 4211 1269 4280 dentibus
1288 4215 1390 4283 oratis

112 4305 239 4461 acuyisl,a
262 4304 381 4474 lainga
407 4308 505 4393 parva
532 4301 605 4370 alba
629 4302 678 4368 vir
707 4305 832 4370 exserta
859 4299 1176 4388 lineam-spathulata
1203 4300 1388 4384 subrauca,

113 4413 296 4647 {apsumi-n·
328 4445 442 4561 limosis
472 4499 628 4576 promptis
658 4497 768 4558 deserti
798 4494 951 4556 Kisilkum
978 4493 1189 4555 Turkeetaniae
1217 4497 1334 4576 (Lebm
1348 4502 1391 4576 l).

139 4591 157 4649 l.
177 4591 253 4669 Ape.
