3228 5204
721 309 784 379 759

91 468 164 534 qua
187 447 263 516 basi
283 449 435 538 utrinque
455 453 590 538 squama
609 448 834 536 longitudinali
858 448 1092 537 submerginali
1114 447 1278 516 fimbriata
1296 451 1391 517 semi·

91 536 227 604 adnata
240 549 343 604 aucta.
366 537 508 605 Stamina
527 557 702 606 numerosa
721 537 754 604 in
774 538 949 627 phalanges
969 536 990 604 5
1008 537 1120 626 petalis
1139 537 1302 628 oppositas
1321 538 1391 605 basi

92 636 262 708 connata,
277 629 396 694 annulo
416 647 553 694 carnoso
572 626 673 692 orarii
693 626 787 694 basin
804 627 953 715 cingente
966 628 1097 695 inserta.
1120 625 1271 694 Ovarium
1283 637 1392 715 penta-

91 714 392 802 gono-globosum.
414 714 492 805 Stpli
513 714 533 781 5
551 715 730 782 filisormes.
754 715 912 784 Placentae
932 716 1136 805 septiformes
1156 713 1235 783 leto
1254 716 1390 783 ovulatae

92 801 214 868 abasi
239 815 352 871 erectae
372 813 404 871 et
427 805 460 870 in
485 804 575 893 apice
606 802 750 871 caritatis
781 805 884 872 elstrae
914 815 1068 873 caeterum
1099 804 1221 872 liberae.
1255 803 1392 893 Capsula

92 889 319 980 cartilaginea
347 892 445 960 valvis
475 891 496 958 5
526 892 775 982 persistentibus
805 893 938 960 demum
968 893 1105 961 reflexis
1138 892 1268 961 Semina
1290 913 1394 981 pauca

93 999 229 1048 crassa.
246 981 461 1064 -Frutices,
482 981 599 1071 saepius
620 981 804 1049 suilrutices
823 981 929 1068 glauci
950 981 1174 1064 famosissimi,
1196 981 1272 1049 lolia
1285 979 1392 1049 coria-

95 1088 158 1134 cea
181 1070 236 1136 vel
256 1090 393 1137 carnosa
411 1080 575 1159 punctata.

448 1347 465 1382 ὓ
490 1349 576 1410 Folia
593 1351 712 1410 sessilis
731 1351 798 1411 basi
815 1369 874 1411 nou
892 1355 1055 1411 attenuata.

95 1561 121 1641 †
145 1564 292 1622 Braoteae
307 1568 404 1623 orate
427 1563 638 1624 subcuoulletae
662 1565 692 1622 in
712 1565 898 1625 involucrum
921 1566 1096 1625 oboouioum
1119 1564 1262 1640 adpresse
1287 1567 1391 1626 imbri-

243 1658 325 1727 uate,
344 1653 382 1712 ab
402 1655 511 1714 infimis
529 1654 569 1714 ad
584 1655 755 1729 superiores
774 1656 884 1714 sensim
902 1659 1005 1730 aucta,
1025 1654 1138 1730 calycis
1154 1655 1391 1731 quinquepartiti

243 1742 358 1802 laciniis
376 1743 498 1803 similes.

144 1967 194 2034 R.
209 1965 385 2035 Oxiana
404 1965 535 2052 (Ledeb.
558 1967 592 2032 in
610 1966 732 2033 Eicbw.
755 1965 846 2054 Casp.
869 1949 980 2055 psas,
1002 1966 1067 2034 tab.
1085 1964 1128 2034 39
1148 1965 1209 2034 sub
1228 1965 1392 2035 Eicbwol-

98 2054 171 2142 dici)
205 2053 335 2140 glabra,
368 2055 466 2122 ramis
492 2054 661 2137 tortuosis,
691 2053 776 2122 foliis
806 2055 912 2140 longis
944 2053 1182 2123 remotiusculis
1212 2053 1391 2122 linearibus
1426 2096 1428 2100 .

100 2141 383 2230 tereti-depressis
398 2143 640 2224 obtusiuscolis,
663 2144 799 2210 rarccmis
812 2143 965 2210 brevibus
977 2143 1177 2232 pancilloris,
1198 2143 1391 2230 pedunculis

99 2230 184 2310 flore
204 2230 425 2318 longioribus,
446 2231 583 2299 lloribus
602 2232 671 2300 basi
686 2231 770 2299 loliis
788 2233 900 2320 paucis
912 2231 1079 2300 involucro
1092 2253 1177 2320 saepe
1188 2231 1391 2318 longioribus

101 2319 260 2402 suffultis,
287 2319 425 2388 bracteis
445 2321 626 2409 calycisque
644 2319 771 2388 laciniis
790 2320 1085 2389 ovato-orbiculatis
1105 2321 1241 2408 abrupte
1261 2341 1391 2388 mucro-

101 2407 241 2489 nulatiS,
264 2408 376 2496 petalis
395 2409 544 2496 oblongis
561 2409 820 2498 subaequilateris
831 2409 865 2477 in
878 2429 1022 2496 unguem
1035 2408 1221 2492 attenuatis,
1243 2409 1390 2476 filamen-

103 2497 145 2564 tis
164 2495 240 2564 basi
260 2497 396 2585 integris
416 2510 445 2575 5.

145 2606 226 2666 Heb.
247 2609 278 2666 in
296 2607 423 2666 desertis
441 2607 529 2666 salsis
547 2607 655 2667 littoris
679 2609 831 2666 orientalis
848 2608 938 2667 maris
956 2606 1059 2682 Caspii
1077 2608 1115 2668 ad
1135 2607 1237 2668 Sinum
1256 2607 1391 2668 Balchen

103 2695 223 2845 gimpa
235 2691 273 2779 i),
293 2698 321 2756 in
339 2696 540 2757 'I'urlrestauiei
553 2695 720 2776 (Lehmli,
741 2698 772 2757 iu
788 2715 874 2773 prov.
893 2697 1068 2758 Khorassan
1086 2698 1196 2758 Persiae
1212 2695 1349 2774 (Rungel
1365 2698 1388 2776 ).

141 2829 148 2846 .
191 2805 241 2847 uu.

147 2885 300 2948 Suffrutex
323 2887 441 2947 humilis
465 2892 635 2963 tortuosus,
655 2887 727 2947 folia
755 2885 809 2948 l·l
827 2882 869 2968 Ἰ,
892 2889 1017 2963 pollices
1035 2889 1127 2966 longa
1144 2886 1199 2950 l·l
1217 2883 1264 2971 Ἰ,
1283 2889 1392 2948 lineam

104 2975 172 3052 lata,
192 2980 325 3038 bracteae
344 2977 513 3052 superiores
542 2985 572 3038 et
597 2977 713 3039 laciniae
730 2977 839 3037 lineam
859 2977 931 3038 circ.
952 2977 1057 3054 lougae.
1077 2979 1112 3038 In
1136 2978 1193 3040 bac
1209 2979 1310 3053 specie
1327 2980 1391 3038 fila·

104 3073 204 3126 menta
229 3067 386 3127 manifeste
415 3067 616 3145 pentadelpba
640 3073 707 3128 suut
724 3073 754 3128 et
771 3069 800 3126 iu
817 3067 996 3144 uniquique
1014 3067 1154 3144 adelphii
1178 3069 1242 3128 basi
1260 3066 1391 3129 breviter

106 3163 234 3217 connata
250 3163 283 3217 ut
304 3158 333 3216 in
350 3156 417 3217 aliis
435 3158 594 3232 speciebus
610 3161 740 3236 generis,
760 3155 948 3219 Eicbwaldio
965 3159 1055 3233 igitur
1071 3157 1284 3220 aReaumurirt
1302 3176 1390 3234 geue-

106 3245 166 3306 rioe
186 3265 248 3307 nou
265 3247 434 3323 separanda
449 3253 504 3306 est.
613 3274 616 3280 ·

151 3523 197 3591 R.
218 3524 438 3593 iruticosa
457 3521 581 3609 (Buuge
601 3519 635 3586 in
653 3518 748 3602 litt),
769 3517 898 3606 glabra,
921 3516 1019 3584 ramis
1039 3513 1201 3581 fruticosis
1222 3514 1388 3597 tortuosis,

110 3611 243 3678 ramulis
264 3611 396 3678 demum
416 3609 506 3698 apice
518 3606 790 3698 spinescentibus,
811 3604 896 3674 foliis
909 3602 1135 3672 minutissimis
1146 3601 1393 3692 tereti-compla-

18 3753 20 3758 .
110 3698 192 3766 natis
211 3699 420 3768 acutiusculis
440 3697 553 3765 subtus
576 3695 730 3764 carinatis
752 3695 821 3763 basi
848 3693 1022 3775 truncatis,
1044 3691 1184 3759 bracteis
1211 3693 1392 3848 calppisqua

110 3786 234 3854 laciniis
255 3786 513 3873 ovato-oblongis
533 3785 739 3853 acutiusculis
759 3784 905 3866 muticis,
927 3781 1041 3871 petalis
1060 3779 1208 3867 oblongis
1228 3799 1265 3848 su
1291 3781 1391 3870 aequi-

112 3875 219 3945 lateris
239 3877 271 3945 in
291 3896 435 3962 unguem
456 3874 641 3956 attenuatis,
663 3873 836 3941 filamentis
855 3870 924 3939 basi
945 3869 1081 3956 integris
1100 3879 1130 3946 e.

154 3985 231 4046 Heb.
250 3987 385 4045 insulsis
405 3984 514 4044 Persiae
537 3983 691 4044 orientalis
717 3983 755 4042 ad
781 3981 945 4042 Alselabad
971 3987 1001 4040 et
1024 3978 1063 4038 erl
1087 3977 1262 4037 frrrtalitium
1279 3977 1392 4038 Jesdun

114 4075 151 4134 ad
168 4077 240 4136 fines
257 4076 423 4151 Affgbaniae
439 4075 555 4152 (Buuge
566 4069 600 4158 t).

156 4179 268 4240 Frutex
281 4179 442 4255 bipedalis,
460 4178 532 4238 solia
547 4179 598 4236 vix
614 4179 722 4236 lineam
740 4176 841 4251 longa,
859 4171 1080 4233 infloresocutia
1091 4171 1163 4231 mihi
1176 4171 1288 4246 ignota,
1302 4169 1392 4230 flores

117 4268 201 4344 (quos
219 4271 343 4330 seorsim
362 4274 473 4329 tantum
490 4268 566 4342 ridi)
583 4267 703 4342 magnit.
721 4263 928 4340 praecedentis,
947 4279 1048 4322 samen
1060 4262 1187 4321 umbone
1205 4259 1289 4322 brevi
1305 4278 1391 4336 supe-

117 4363 217 4419 ratum.
