3276 5200
859 318 925 387 590

255 457 405 528 dentibus
432 455 616 523 lanceolatis
643 455 745 522 acutis
772 456 919 544 margine
947 455 1221 534 membranaceis,
1255 455 1375 523 lamina
1401 463 1544 524 cuneata

256 549 474 714 adnquartgm
507 557 629 633 partem
664 545 788 626 biloba,
819 565 948 612 coronae
980 545 1123 612 minimae
1155 544 1279 612 laciniis
1310 545 1432 626 ovans,
1465 567 1543 634 cap-

256 658 384 704 sur....
454 687 460 699 .

299 741 376 801 Hah.
398 740 427 798 in
451 740 567 798 saxosis
590 739 699 814 apricis
730 738 911 816 Pamphylia
937 739 976 798 ad
1000 737 1165 798 Koormalu
1193 757 1287 816 prope
1307 739 1417 799 Adalia
1442 747 1476 798 et
1504 739 1544 798 ad

257 849 352 907 prom.
371 831 468 906 Alaya
486 819 636 908 (Heldr!).

301 935 406 993 Planta
423 928 483 994 6·8
501 933 612 1007 pollio,
632 933 741 990 racemi
755 931 906 1005 simplices
925 923 948 988 4
966 929 1125 1004 pollicerer
1140 925 1196 991 7-8
1208 929 1285 990 flori.
1299 929 1395 1006 Oalyx
1412 928 1546 992 6liueas

189 1037 196 1052 ¹
257 1025 372 1100 longus,
390 1023 490 1097 petala
507 1039 596 1080 rosea
613 1022 659 1078 vel
675 1021 753 1086 alba,
772 1022 905 1080 orarium
921 1019 976 1080 sub
990 1020 1105 1080 ecthesi
1119 1020 1308 1096 carpophoro
1327 1023 1542 1097 aquilongum.

256 1113 378 1191 Species
394 1113 517 1171 floribus
535 1111 690 1170 sessilihus
707 1115 737 1168 et
753 1111 884 1170 bracteis
903 1111 1017 1184 magnis
1035 1109 1178 1189 insiguis3
1198 1111 1286 1187 calyx
1304 1107 1336 1172 S.
1353 1128 1543 1172 racemorum

255 1203 355 1280 refert
375 1221 440 1261 eum
457 1202 640 1262 fructiferum
660 1217 718 1260 non
743 1200 803 1259 vidi
820 1200 874 1259 sed
898 1216 936 1258 ex
955 1199 1057 1260 habitu
1075 1201 1161 1276 epioe
1178 1207 1363 1262 contractum
1384 1219 1454 1262 osse
1473 1221 1536 1262 sus-

259 1311 353 1370 prcor.

300 1507 340 1576 S.
365 1502 562 1592 pendula
593 1501 642 1587 (L.
664 1501 718 1601 Sp.
740 1499 819 1586 599)
846 1500 986 1589 crispule
1006 1499 1202 1588 pubescens,
1223 1500 1373 1568 caulibus
1394 1503 1463 1569 basi
1486 1504 1541 1569 de-

259 1593 488 1662 cumbentibus
507 1611 647 1679 superne
667 1590 851 1656 dichotcrne
871 1589 1026 1671 ramosis,
1059 1588 1143 1656 soliis
1167 1590 1307 1676 oblongo
1321 1629 1335 1639 -
1349 1593 1542 1678 spathulatis

258 1683 423 1752 lloralibus
443 1677 805 1767 oblongo-lanceolatis,
835 1677 969 1745 noricus
989 1679 1057 1746 laxe
1078 1677 1253 1745 racemosis
1273 1680 1468 1766 pedunculis
1488 1703 1540 1747 ca-

256 1773 326 1848 lvce
340 1769 543 1838 brevioribus
556 1767 731 1834 fructiferis
746 1765 1015 1854 patulo-infractis
1027 1765 1178 1848 sull'ultis,
1194 1769 1302 1856 calyce
1315 1767 1402 1835 hirto
1416 1769 1541 1837 rubello

258 1849 423 1948 decagono
444 1881 460 1925 e
481 1857 549 1924 basi
570 1856 757 1924 umbilicath
775 1855 915 1940 oblongo
934 1855 1086 1922 dentibus
1100 1855 1200 1922 oratis
1213 1855 1350 1940 obtusis,
1373 1857 1541 1926 fructifero

258 1949 528 2017 ovoidcoclavatc
548 1947 671 2028 inllato,
704 1943 823 2012 lamina
850 1947 942 2010 rosch
970 1949 1089 2030 magna
1111 1943 1285 2012 obcordatd
1305 1947 1351 2012 vel
1373 1945 1538 2034 bipartiti,

258 2059 387 2106 coronae
409 2035 532 2103 laciniis
552 2033 701 2120 oblongis
720 2031 891 2118 elongatis
912 2035 1042 2121 capsula
1057 2038 1148 2100 ovata
1161 2033 1365 2122 carpophoro
1378 2035 1540 2123 subdupla

258 2126 419 2216 longiore,
440 2123 618 2193 seminibus
638 2121 718 2190 secie
739 2132 771 2187 et
782 2121 879 2188 dorso
892 2121 995 2208 planis
1007 2121 1152 2190 seriatim
1165 2119 1375 2190 tuberculatis
1397 2133 1447 2204 Θ.
1470 2123 1537 2192 Bot.

260 2217 341 2304 Mag.
364 2215 429 2284 tab.
454 2211 529 2280 tlh.
554 2211 654 2279 Rchb.
679 2211 700 2276 s.
723 2207 821 2277 5070.

304 2327 381 2387 Hah.
401 2325 431 2384 in
456 2323 544 2383 cultis
572 2319 668 2381 Cretae
685 2325 715 2380 et
731 2318 823 2394 prri
841 2317 892 2396 (ox
909 2315 1046 2399 statut),
1064 2317 1143 2378 Asia
1161 2318 1285 2378 minoris
1310 2319 1349 2378 ad
1379 2319 1540 2395 Smyrnam

262 2412 405 2496 (Auchi).
422 2413 469 2474 ΕΙ.
485 2429 565 2472 vere.

304 2516 359 2580 Ar.
384 2525 505 2594 (iacgr.
529 2513 694 2586 Lusitania,
713 2510 858 2587 Hispania
877 2515 907 2570 et
923 2509 1010 2569 ltalia
1027 2513 1186 2571 australes.

302 2729 342 2798 S.
366 2725 590 2796 trinervla
613 2719 700 2807 (Seh.
724 2729 754 2784 et
775 2718 875 2784 Maur.
898 2715 933 2782 rt
971 2717 1104 2784 Romen.
1128 2738 1159 2806 p.
1185 2715 1263 2804 152)
1284 2717 1358 2805 pilis
1378 2719 1538 2806 adpressis
1624 2723 1625 2754 i

259 2817 328 2884 basi
356 2811 568 2882 tuberculosis
594 2809 786 2898 pubescens,
814 2807 905 2872 caule
931 2805 1117 2873 dichotomo
1143 2806 1241 2873 ramis
1266 2805 1370 2892 longis
1402 2807 1539 2874 tenuiter
1624 2871 1625 2874 ,

259 2904 402 2992 virgatis,
436 2901 518 2968 loliis
539 2910 657 2988 praeter
675 2896 794 2984 pubem
814 2895 945 2960 brevem
964 2893 1080 2961 ciliatis
1099 2894 1220 2962 infimis
1240 2894 1537 2980 oblongo-lanceo—
1624 2887 1625 2896 ’

260 2996 332 3064 latis
358 2989 484 3061 caeteris
511 2987 702 3067 linearibus,
734 2982 868 3050 ssoribus
889 2982 1030 3049 breviter
1051 2983 1246 3070 pedicellatis
1267 2983 1401 3064 strictis,
1434 2985 1538 3073 calyce

260 3086 299 3152 ad
320 3101 436 3150 nervos
455 3081 592 3146 ctetatos
612 3075 688 3143 setis
708 3072 832 3140 crebris
852 3093 869 3138 e
888 3071 1065 3139 tuberculis
1084 3073 1164 3140 ortis
1177 3093 1307 3139 sursum
1320 3073 1465 3139 curratis
1478 3095 1538 3139 sca-

260 3173 353 3241 brido
383 3171 532 3254 elongato
562 3175 697 3251 anguste
728 3163 849 3228 clavato
880 3159 1032 3228 dentibus
1063 3160 1262 3244 lanceolatis,
1294 3160 1414 3227 lamina
1443 3167 1537 3262 parad

257 3267 351 3330 rosea
370 3259 409 3326 ad
429 3255 572 3323 medium
594 3251 758 3342 bipartita,
780 3269 910 3316 coronae
929 3247 1056 3316 laciniis
1073 3249 1226 3318 brevibus
1239 3248 1404 3316 interdum
1419 3250 1535 3330 bifidis,
1623 3299 1624 3336 ,

256 3351 387 3440 capsula
406 3347 545 3426 oblonga
565 3340 767 3442 carpophoro
788 3337 1058 3426 sesquilongiore‚
1080 3337 1261 3405 seminibus
1280 3337 1416 3404 minutis
1435 3338 1537 3404 tuber·
1623 3389 1624 3410 ,

258 3439 372 3508 culatis
396 3434 476 3504 racia
500 3451 648 3500 concavis
675 3429 772 3495 dorso
798 3425 1008 3515 planiusculis
1043 3435 1093 3506 Θ.
1127 3428 1164 3495 S.
1191 3426 1342 3512 Galliuyi
1362 3425 1470 3494 lleuff.
1494 3425 1534 3493 ll.

258 3529 369 3596 Banat.
394 3547 424 3614 p.
447 3521 501 3588 35.
525 3520 626 3588 Rchb.
651 3518 671 3584 l.
694 3514 792 3583 5069.
870 3592 873 3598 ¹

303 3633 379 3692 Hah.
399 3633 429 3690 in
446 3630 539 3686 vineis
558 3635 588 3684 et
611 3625 736 3686 collibus
755 3621 843 3681 siccis
860 3617 1041 3678 Macedonia
1061 3623 1089 3678 et
1113 3617 1251 3678 Thracia
1274 3613 1381 3700 (Frivl
1409 3609 1533 3696 Orph!),

259 3723 381 3786 Graecia
398 3722 427 3780 in
445 3715 605 3776 Thessalia
621 3715 660 3773 ad
675 3711 792 3771 radices
808 3708 929 3786 Olympi
942 3705 1045 3790 (Heldr
1057 3704 1086 3789 l),
1099 3708 1213 3768 Beotih
1226 3713 1256 3768 et
1269 3707 1498 3785 OEtolidffiprun
1507 3712 1533 3786 l),

260 3811 394 3874 Laconia
412 3806 533 3893 (lleidrl
562 3797 697 3884 Orphl),
725 3800 876 3862 Messenia
897 3799 936 3859 ad
961 3798 1109 3874 Anavryti
1126 3797 1293 3877 (Heldrl)‚
1323 3799 1422 3858 insula
1450 3799 1533 3859 chloe

260 3901 370 3984 (doch.
388 3917 440 3962 exs
457 3893 564 3976 45⁷1).
583 3893 629 3954 m.
648 3909 731 3954 vere.

303 3992 387 4067 Sapo
404 3987 563 4066 bipedalis,
586 3984 659 4044 folia
682 3985 820 4057 angusta,
840 3980 927 4055 calyx
945 3975 1004 4042 7·8
1022 3977 1117 4039 lineas
1134 3979 1260 4052 longus·
1272 3977 1378 4036 Affinis
1406 3974 1438 4039 S.
1459 3979 1536 4039 aaut.

258 4089 335 4145 acte
354 4079 434 4142 Otth.
454 4095 520 4156 quae
538 4075 636 4136 differt
658 4071 780 4132 floribus
798 4069 987 4130 inferioribus
1011 4069 1161 4144 alaribus,
1180 4067 1405 4128 inflorescentiai
1422 4087 1535 4146 comu-

261 4171 484 4247 bum-cynices,
503 4166 613 4226 laminii
629 4161 756 4237 longiori
774 4159 1034 4234 breviterbilobh,
1055 4163 1112 4218 etc.

303 4259 361 4322 Ar.
386 4255 510 4336 Geogr.
536 4254 623 4314 ltalia
641 4251 757 4322 media,
775 4249 918 4309 Banetus.

301 4455 341 4525 S.
365 4451 535 4523 Gallica
564 4445 613 4529 th.
636 4443 688 4531 Sp.
711 4440 798 4596 595ζ1
820 4441 926 4528 patule
946 4437 1072 4506 hirsuta
1091 4457 1231 4526 superne
1252 4437 1433 4520 viscidula,
1454 4438 1535 4504 caule

258 4541 396 4632 simplici
416 4540 464 4607 vol
484 4536 682 4616 dichot0m0,
703 4529 776 4597 llori
800 4549 840 4596 us
859 4527 1069 4596 inferioribus
1090 4527 1210 4594 racemi
1233 4525 1359 4613 longius
1379 4526 1535 4614 peduncu-
