3228 5204
872 411 935 479 770

266 549 405 616 bracteis
432 549 606 638 pedicellos
632 549 740 638 calyce
771 549 998 618 subbreviores
1029 550 1126 638 paulo
1156 550 1398 638 superantibus,
1433 553 1543 638 petalis

265 637 524 724 ovato-oblongis
544 649 651 705 erecto
665 637 808 726 -patulis
828 637 1155 726 subpersistentibus‚
1182 639 1357 706 filamentis
1376 639 1447 707 basi
1466 641 1542 707 dila-

265 733 329 804 tata
349 727 475 812 angulis
495 726 574 794 disci
595 727 767 814 impositio,
788 727 931 794 antberis
951 727 1120 816 apiculatis
1139 736 1170 806 ὅ.

309 836 385 894 Hab.
397 837 432 894 iu
450 835 551 896 Attica
563 837 602 895 ad
624 835 781 894 Phalerum
799 832 925 914 (Sprunl
943 829 1038 895 Heldr
1050 834 1084 912 l),
1104 837 1132 893 in
1151 835 1286 895 Thracia
1304 835 1429 912 (Griseb
1440 825 1478 912 l).
1491 837 1543 911 By·

264 927 354 984 nautii
372 918 486 1008 (Oastl)
503 931 533 982 et
555 925 592 982 all
609 925 814 985 Nicomediam
833 917 961 1008 (Noai),
982 927 1062 986 circa
1082 925 1237 1006 Smyrnam
1255 925 1334 1003 (Bal.
1354 943 1418 984 exe.
1440 924 1543 1002 1551),

265 1013 356 1090 Cypri
376 1013 439 1094 (Ky
458 1032 523 1074 exe.
538 1011 651 1094 698t).

308 1115 429 1176 Racemi
455 1116 614 1191 pollicares
633 1115 682 1174 vel
702 1114 871 1184 breviorem
898 1115 992 1174 facies
1011 1116 1129 1176 omuino
1150 1121 1180 1174 et
1205 1113 1279 1175 lolia
1304 1117 1505 1191 precedentis
1525 1134 1542 1174 a

264 1207 323 1281 qua
343 1207 444 1265 colore
473 1206 594 1265 corticis
613 1207 709 1265 minus
733 1209 814 1280 atro,
834 1205 960 1264 racemis
980 1205 1131 1282 paululum
1158 1205 1347 1265 tennioribus
1369 1213 1398 1264 et
1419 1203 1537 1280 stylia5

263 1312 318 1356 nee
335 1291 358 1354 l
375 1293 426 1373 (an
445 1290 560 1373 sanat)
578 1295 685 1354 differt.

306 1391 342 1474 β.
367 1387 503 1457 Cretica.
526 1387 614 1456 Folia
633 1387 776 1478 patentia
795 1407 855 1455 nec
874 1387 946 1476 plus
965 1389 1073 1456 minus
1093 1388 1258 1478 adpressa.

309 1497 385 1556 Hab.
405 1497 435 1555 in
452 1497 541 1555 Orela
558 1512 651 1572 prope
670 1497 796 1569 Armyro
818 1491 907 1572 (Sieb.
926 1511 989 1552 exa.
1009 1495 1064 1553 sub
1085 1494 1114 1552 Τ.
1130 1492 1274 1568 Gallica).

307 1593 366 1656 Ar.
391 1593 512 1673 Geogr.
537 1595 649 1670 Illyria.

305 1879 348 1945 Τ.
372 1875 589 1963 Kotsehyl
620 1873 745 1963 (Bunge
766 1873 826 1939 loc.
849 1873 902 1940 cit.
926 1895 957 1962 p.
980 1873 1036 1962 80)
1069 1875 1181 1962 glabra
1206 1877 1436 1963 glaucescens,
1464 1877 1542 1945 loliis

263 1987 281 2032 a
300 1965 370 2033 basi
390 1963 524 2032 omnino
543 1961 767 2052 amplexicauli
787 1963 849 2029 late
868 1961 969 2029 oratis
988 1963 1163 2050 cuspidatis
1181 1965 1541 2052 cartilagineo-margi-

262 2054 359 2136 natis,
391 2053 528 2120 racemis
558 2049 784 2140 pedunculatis
810 2051 914 2138 longis
942 2051 1140 2134 laxiusculis‚
1173 2052 1316 2121 bracteis
1335 2054 1542 2121 acutiusculis

261 2143 436 2296 pedicellos
454 2141 562 2230 calyce
581 2138 806 2226 sublongiores
825 2139 1067 2228 superantibus
1090 2140 1204 2228 petalis
1223 2141 1539 2230 oberrato-oblongis,

273 2254 283 2298 l

285 2231 435 2298 lamentis
454 2228 523 2297 basi
543 2229 674 2296 dilatata
698 2225 781 2294 lobis
807 2227 887 2295 disci
916 2228 1090 2317 impositio,
1113 2230 1258 2297 antberis
1289 2230 1438 2312 muticis‚
1459 2234 1540 2321 stylis

261 2319 463 2476 lppppispipppp
480 2318 624 2385 obovatis
644 2327 674 2396 5.
713 2316 746 2382 T.
771 2318 940 2384 tetrondro
958 2339 1028 2384 cor.
1047 2319 1228 2405 puroifloro
1248 2319 1352 2387 Boiss.
1376 2319 1411 2386 in
1433 2320 1479 2408 lli
1497 2321 1536 2386 Pl.

305 2517 383 2575 Hab.
401 2515 430 2573 in
450 2515 597 2574 montibus
615 2529 709 2588 prope
725 2511 805 2572 Gere
818 2511 927 2571 Persiae
939 2513 1081 2572 australis
1097 2513 1137 2573 ad
1154 2513 1267 2573 rivulos
1283 2509 1349 2597 (Ky
1363 2533 1429 2576 exs.
1440 2511 1537 2598 leot).

305 2618 398 2678 Foliis
416 2616 680 2691 amplexioaulibus
692 2615 729 2674 ab
742 2613 879 2673 affinibus
895 2613 1046 2688 distincta,
1056 2616 1165 2675 racemi
1178 2619 1416 2676 numerosissimi
1436 2617 1454 2679 l
1469 2615 1538 2700 ’(ῑὲ

261 2709 420 2784 pollicaree
437 2703 460 2767 Ξ
478 2707 572 2765 lineas
590 2705 679 2764 diem
699 2705 760 2780 lati,
778 2703 940 2780 pedunculi
954 2703 1059 2764 crebre
1077 2711 1106 2764 et
1124 2705 1305 2766 imbricatim
1318 2711 1482 2782 squamati.

305 2989 347 3055 T.
367 2986 472 3054 laxa
490 2983 612 3069 (Willd.
635 2985 702 3050 llct.
726 2983 823 3050 Acad.
845 2982 949 3050 Rerol.
973 2981 1073 3067 latu,
1093 3003 1125 3072 p.
1148 2981 1210 3072 82)
1231 2987 1345 3072 glabra
1366 2988 1481 3057 viridis
1498 2979 1542 3058 rel

261 3076 486 3164 glaucesccns‚
512 3071 597 3140 loliis
616 3093 635 3138 a
654 3071 722 3139 basi
743 3083 861 3138 ovato·
876 3071 1033 3140 rhombea
1052 3071 1194 3139 breviter
1213 3074 1405 3144 decurrenti
1425 3079 1543 3145 acumi-

192 3193 193 3199 1
262 3164 346 3232 natis
366 3162 457 3262 apice
477 3160 708 3248 cartilagineis,
730 3161 867 3228 racemis
886 3160 1029 3228 breviter
1047 3161 1271 3249 pedunculatis
1292 3164 1387 3244 laris,
1408 3166 1543 3234 bracteis

262 3253 410 3340 oblongis
429 3249 553 3318 obtusis
572 3248 737 3337 pedicellis
756 3249 880 3336 calyces
899 3250 1091 3349 plerumque
1118 3252 1349 3338 superantibus
1377 3253 1448 3322 lere
1468 3277 1543 3323 sem·

262 3362 322 3430 per
339 3338 557 3422 brevioribus,
578 3337 692 3426 petalis
711 3347 803 3404 ovato
816 3375 830 3387 ·
843 3337 1032 3405 orbiculatis
1051 3338 1181 3405 demum
1203 3339 1344 3422 reflexis,
1366 3343 1461 3415 stalis
1479 3345 1543 3411 bre

263 3429 403 3498 cissimis
422 3427 580 3509 obovatiS,
601 3428 730 3515 capsula
748 3425 861 3514 gracili
881 3427 1030 3514 elongata
1048 3437 1078 3507 5.
1400 3419 1410 3432 ’

308 3537 387 3594 Hab.
411 3535 442 3592 in
469 3533 592 3608 regiona
616 3531 666 3591 (lis
687 3539 717 3591 el
740 3531 998 3592 Transcaucasicai
1015 3533 1054 3590 ad
1079 3531 1161 3592 littus
1179 3529 1281 3608 Caspii
1299 3539 1330 3592 el
1353 3537 1541 3598 interioribus

264 3625 397 3702 (Stavenl
415 3622 514 3682 Bubsa
525 3618 569 3705 l),
588 3622 619 3679 in
635 3621 719 3680 distr.
737 3619 816 3681 Kh0i
836 3639 920 3697 pror.
937 3620 1124 3697 Aderbiujan
1140 3615 1282 3704 (Suowl)
1310 3629 1340 3683 et
1363 3627 1403 3686 ad
1433 3626 1541 3688 sacru

265 3712 587 3880 ἓξὲξεῖοιὲῗΐῗζίευῑ.
607 3703 777 3794 (Bunget),
802 3711 832 3769 in
849 3711 949 3770 littore
966 3711 1103 3770 orientali
1128 3709 1230 3788 Oaspii
1247 3714 1286 3772 ad
1303 3712 1394 3775 Novo
1413 3715 1539 3776 Alaun·

310 3905 433 3981 Species
449 3903 631 3980 longitudine
648 3909 678 3963 et
696 3901 841 3961 densitate
869 3919 1053 3962 racemorum
1079 3904 1248 3981 variabilis,
1268 3907 1380 3966 racemi
1399 3909 1541 3970 interdum

266 4001 379 4055 tantum
403 3994 637 4070 semipallicares
659 3997 689 4052 et
712 3991 802 4051 flores
824 3993 854 4049 in
881 3993 1093 4068 speciminibus
1112 3993 1241 4054 Persicis
1268 3993 1477 4059 Szowilsianis
1492 4000 1540 4059 ali·

267 4085 385 4161 quando
401 4079 462 4146 5·6
477 4083 571 4143 andri.

309 4181 344 4266 β.
376 4177 589 4266 polystocbpc
608 4174 733 4262 (Runge
755 4175 816 4242 lcc.
839 4173 923 4263 cit).
953 4175 1084 4244 Racemi
1116 4177 1287 4260 lenissimi,
1314 4179 1462 4268 pedicelli
1490 4181 1540 4248 aa

266 4268 367 4335 lineas
386 4287 471 4354 saepe
490 4265 590 4352 longi.
623 4265 657 4331 T.
676 4263 889 4352 polystoclayo
908 4264 1025 4332 Ledeb.
1049 4265 1096 4331 rt.
1119 4265 1210 4334 Ross.
1233 4266 1275 4350 ll,
1296 4289 1331 4356 p.
1353 4267 1427 4337 l33.

310 4378 388 4437 Hab.
404 4377 435 4434 in
453 4376 552 4435 littora
570 4373 705 4434 orientali
723 4371 825 4447 Caspii
841 4371 881 4430 ad
896 4371 984 4432 Novo
998 4373 1235 4434 Alexandrowslr
1248 4381 1279 4435 et
1295 4377 1325 4434 in
1340 4375 1537 4438 'l'urlrestanii

266 4466 380 4528 boreali
398 4461 556 4545 (Bangel).

311 4565 368 4630 Ar.
392 4575 513 4645 ῦοοςτ.
532 4565 686 4642 Songaria,
705 4563 814 4624 Sibiria
832 4561 960 4624 Altaica.
